1768 3185
1195 10 1221 27 l

220 93 291 139 IN
328 91 540 139 VERAE
576 89 923 138 HISTORIAE
958 92 1069 138 ΠΒ,
1105 95 1164 140 ΙΙ.
1239 111 1324 160 571

58 183 120 233 {nis
132 183 268 237 ipsius,
291 183 451 224 erestae.
473 185 587 224 Aliae
613 184 761 226 desem
782 184 900 232 lucis,
923 184 959 223 h.
981 197 1012 224 e.
1031 196 1164 225 natura
1187 186 1252 226 sua
1276 188 1331 226 ni-

57 250 171 291 grae3
190 238 262 278 hae
280 238 478 278 coloratae
495 250 576 278 tum
601 240 725 278 carnis
740 239 875 278 colore
888 267 898 283 ‚
919 248 999 278 tum
1013 239 1191 279 vestium.
1214 241 1331 281 Cete-

57 304 150 346 rum
169 292 222 331 ita
241 291 342 331 reae
366 305 427 331 me
444 293 731 346 interpretatum
753 291 838 344 post
853 292 945 332 alios
968 292 1068 332 hunc
1086 292 1217 333 locum
1234 295 1331 334 arbi-

57 355 161 393 nor,
173 345 260 385 licet
271 345 380 385 aliter
395 345 545 386 summo
559 346 645 385 viro
661 346 846 385 videatur.
864 345 990 386 Gesn.

115 398 196 438 ibid.
215 393 267 438 Οὐ
286 399 494 452 μέλαιναι)
518 400 609 440 Non
630 398 728 438 ficut
747 398 922 446 nostrae,
945 400 1110 440 iacentes
1126 399 1166 440 δι
1181 399 1332 452 nigrae,

63 450 127 493 sed
141 463 211 491 cor
269 453 374 493 ribus
386 453 511 498 veris,
523 451 552 492 s1
567 452 791 492 soliditatem
806 454 974 506 excipias
985 484 996 501 ,
1014 451 1161 494 ssmiles.
1171 453 1330 494 SOLAN.

115 506 189 544 ead.
218 535 226 545 .
244 520 259 545 1
271 519 302 545 1.
318 506 512 559 Ὀπώραν)
538 506 713 559 (Ὀπώρα
729 508 888 559 λέγεται
905 504 1094 558 ἧχλοώἓη
1108 511 1169 546 τὸν
1188 511 1333 558 καρπον

61 557 238 610 ἔχουσαι,
253 555 324 599 οἷον
341 558 553 612 scopatur&
572 558 681 609 μῆλα.
702 559 898 607 (ἱππίδια,
914 559 1148 608 Sal-tetum&
1158 591 1171 608 ‚
1186 562 1248 600 καὶ
1260 560 1335 601 δ’σοι

57 612 114 664 μὴ
129 611 216 666 ἔχει
227 612 353 665 ἔξωθεν
366 628 404 653 τι
419 612 600 665 ξυλῶἒες.
614 611 746 653 Const.
760 617 876 653 Γεωπ.
893 613 934 652 L.
956 614 1032 660 X.)
1055 616 1158 665 Vorst.
1174 613 1337 655 somn:

120 665 211 718 Pag.
224 667 345 716 2741.
359 667 417 707 16.
427 667 643 718 Στὸμοισιν)
654 665 790 706 Parum
803 667 989 707 concinne
1000 667 1077 706 hoc
1086 668 1254 720 quidem,
1266 668 1334 708 nist

61 731 157 760 cum
170 718 438 774 Aristophanis
450 719 608 760 Socrate
621 719 826 773 ὂῤῥοπυγίῳ
840 720 952 760 facias
965 732 1154 760 canentes.
1173 722 1331 762 SOLAN.

115 773 208 827 Pag.
222 787 311 827 275.
323 775 348 814 l.
359 775 397 814 6.
408 772 479 812 Τοῦ
491 771 662 826 Ὀμήρου)
676 773 719 812 In
743 774 824 813 edd.
841 787 920 813 non
939 774 1135 827 legebatur
1153 776 1335 816 articulus

61 824 144 874 τοῦ,
157 840 274 881 quem
287 826 526 891 reposuimus
539 841 586 868 ex
598 826 668 866 Ms.
685 827 780 879 Reg.
794 841 842 880 30
851 841 864 866 1
876 841 889 866 1
898 857 906 866 .

117 883 192 921 ead.
205 880 231 920 l.
249 894 286 934 9.
301 880 474 934 Εύνομος)
489 880 663 921 Muficus
675 881 705 920 is
715 881 853 927 clarus,
865 880 974 921 cuius
989 880 1220 922 historiolam
1235 882 1336 935 lege,

60 933 184 1029 Elam
199 946 326 975 narrat
343 935 384 974 in
406 940 536 986 Προτρ.
547 934 725 975 Clemens
738 934 925 974 Alexand.
941 933 1008 974 sub
1023 934 1144 987 ipsum
1159 936 1309 976 initium
1324 967 1336 985 ,

122 988 250 1028 cicada
260 988 428 1029 chordae
441 987 581 1028 fraeae
595 989 720 1028 vicem
738 987 934 1028 subeunte.
950 988 1108 1028 SOLAN.

116 1043 192 1081 ead.
206 1042 231 1081 l.
247 1056 262 1082 1
274 1057 306 1081 ι.
319 1043 573 1096 Στησίχορος)
585 1042 705 1083 Poeta
722 1054 880 1095 propter
894 1042 1068 1093 Helenae
1083 1043 1335 1096 vituperatio-

63 1107 152 1135 nem
172 1095 297 1136 oculis
318 1108 471 1149 captus,
488 1109 567 1136 non
586 1097 710 1149 prius,
729 1094 795 1134 nis1
810 1096 959 1146 placato
973 1096 1163 1148 palinodia
1180 1096 1336 1137 oblaeso

64 1149 249 1196 numine,
264 1149 393 1191 videre
406 1151 545 1203 potuit.
560 1150 713 1190 Lucian.
727 1149 905 1189 Macrob.
918 1148 1065 1189 Coox.

118 1203 227 1242 ead.l.
244 1217 301 1242 12.
313 1203 450 1243 Ἑλένης
494 1203 537 1243 In
549 1204 739 1243 Helenam
755 1206 894 1256 poema
908 1203 1171 1243 inclementius
1186 1203 1338 1256 scripse·

67 1266 146 1303 rat,
158 1255 212 1295 ob
222 1257 329 1310 quod
342 1270 364 1296 a
376 1257 434 1298 Ca
467 1270 537 1297 ore
548 1258 588 1297 &
600 1257 758 1297 Polluce
770 1257 979 1296 luminibus
993 1258 1163 1306 orbatus,
1180 1270 1335 1298 cantata

56 1308 197 1357 ‚rursus
218 1311 410 1365 palinodia
435 1310 558 1351 visum
583 1309 763 1363 recepiffe
787 1310 916 1350 fertur.
935 1311 1025 1350 Vid.
1049 1310 1224 1351 Philostr.
1251 1311 1310 1350 VI
1323 1342 1337 1361 ,

67 1377 163 1416 245,
181 1363 222 1404 δι
235 1363 326 1404 Plat.
343 1366 380 1404 in
394 1365 586 1413 Phaedro;
602 1365 694 1404 adde
708 1363 821 1404 Isocr.
833 1364 903 1403 (ΕΛ.
921 1364 1009 1417 ayn.
1022 1379 1058 1417 p.
1074 1379 1160 1418 329.
1177 1365 1338 1406 SOLAN.

119 1420 194 1457 ead.
206 1418 232 1457 l.
249 1431 307 1467 ¹7·
322 1419 435 1472 Περὶ)
450 1418 566 1472 Angl.
579 1419 697 1480 vap&-
713 1418 887 1458 BOURD.
899 1418 1029 1470 Παρὰ)
1042 1418 1099 1458 Ex
1113 1419 1227 1471 Angl.
1239 1419 1279 1458 ἃ
1292 1419 1333 1458 Ρ.

62 1471 203 1525 reliqui
218 1473 321 1511 enim
335 1473 419 1523 περὶ
434 1472 593 1519 habent,
606 1471 755 1512 vitiose„
771 1472 927 1512 SOLAN.
943 1471 1048 1511 Infra
1059 1485 1156 1512 vero
1170 1485 1259 1511 cum
1275 1473 1338 1512 da-

66 1525 154 1565 tivo
166 1525 271 1619 ,hac
285 1524 362 1578 ipsa
375 1525 531 1567 Differt.
547 1539 629 1579 cap.
648 1540 692 1580 33
716 1539 773 1579 pr.
794 1526 926 1579 πηγαὶ
946 1524 1014 1565 scio
1039 1528 1145 1578 παρὰ
1160 1525 1250 1566 ταῖς
1264 1526 1338 1565 mi·

65 1590 167 1619 λαις.
250 1591 330 1620 ΠΖ.

121 1633 214 1685 Pag.
236 1635 325 1683 276.
350 1634 374 1673 Ι.
395 1648 431 1682 4.
446 1632 653 1687 Ἡμιθέους)
674 1633 834 1673 Semidei
849 1645 930 1672 non
946 1632 1082 1686 integri
1104 1631 1193 1681 Dii,
1214 1646 1236 1672 n
1288 1646 1339 1674 ue

67 1686 266 1736 homines;
285 1687 346 1728 sed
360 1687 481 1728 altero
496 1699 653 1740 parente
667 1687 818 1735 divino,
834 1687 955 1726 altero
972 1687 1164 1726 humano:
1187 1646 1340 1726 auffe-

67 1741 181 1781 midei
198 1743 347 1782 ratione
361 1741 524 1782 virtutis.
540 1741 801 1781 Tertullianus
819 1751 992 1792 quatuor
1005 1739 1212 1780 Gentilium
1227 1740 1338 1781 Deo-

67 1807 157 1834 rum
171 1793 401 1835 differentias
413 1794 524 1836 fuiffe
539 1794 664 1835 scribit
675 1824 686 1840 ,
703 1806 873 1848 quorum
889 1794 1041 1846 quidam
1057 1792 1181 1833 seleffi
1198 1794 1238 1833 δι
1258 1807 1339 1834 ma-

68 1849 198 1888 iorum
212 1850 382 1902 gentium
395 1848 461 1888 Dii
481 1849 616 1889 vocati
631 1847 716 1888 sunt
726 1878 738 1894 ‚
752 1847 904 1900 quidam
930 1848 1090 1887 Semidei
1108 1848 1150 1887 δι
1163 1848 1316 1888 Heroes
1326 1878 1340 1896 ‚

66 1902 223 1956 quidam
234 1903 459 1944 Medioximi
469 1933 481 1951 ‚
494 1903 534 1942 δι
548 1902 705 1956 quidam
717 1901 913 1942 Semones.
927 1900 1073 1942 COGN.

67 2009 94 2053 S
123 1959 197 1995 ead.
211 1957 235 1996 l.
253 1970 284 2010 5.
297 1955 432 2008 Λοκροῦ
447 1955 632 2009 Alamos)
648 1955 715 1996 Ob
738 1955 921 1994 violatam
943 1955 991 1994 ab
1012 1968 1063 1995 eo
1081 1953 1337 1995 Cassandram.

97 2020 229 2050 OLAN.

124 2066 198 2103 ead.
216 2065 240 2102 l.
257 2077 294 2117 9.
310 2062 480 2117 Νουμᾶν)
494 2063 644 2104 Omnes
655 2092 668 2111 ,
679 2072 879 2116 quotquot
892 2062 991 2111 vidi,
1010 2062 1098 2102 libri
1112 2060 1251 2114 Νομᾶν.
1265 2062 1339 2103 Sed

70 2118 160 2158 vide
173 2118 322 2171 Ἀποφρ.
335 2132 366 2158 c.
384 2117 429 2163 8,
444 2119 484 2157 δι
501 2117 660 2169 Μακρόβ.
673 2129 708 2157 c.
722 2116 759 2156 8.
774 2116 931 2157 SOLAN.

124 2173 198 2210 ead.
209 2173 233 2210 l.
249 2185 307 2211 10.
319 2172 470 2222 Τέλλον)
486 2172 586 2211 Vide
596 2172 744 2210 Ἐπισκ.
759 2183 791 2210 c.
809 2184 869 2218 10,
884 2171 923 2209 δι
938 2169 1034 2210 Plut.
1049 2169 1208 2209 SOLAN.

123 2228 197 2264 ead.
211 2226 236 2265 Ι.
252 2239 266 2264 t
279 2226 427 2265 ι.”Ανευ
444 2224 683 2278 Περιάνδρου)
699 2225 781 2263 Aut
796 2225 888 2276 quia
901 2236 1114 2275 tyrannu53
1132 2235 1199 2262 aut
1209 2223 1339 2276 potius

69 2280 162 2332 quia
171 2279 403 2319 calamitates
414 2277 633 2319 domesticas
647 2289 725 2317 tam
742 2279 872 2330 inique
887 2278 971 2317 tulit
982 2308 994 2324 ,
1020 2288 1061 2316 ut
1072 2307 1085 2324 ‚
1106 2278 1340 2330 aegritudine

69 2331 156 2372 inde
168 2333 361 2373 contrad-la
372 2363 383 2380 ‚
398 2332 607 2380 decefferit3
623 2332 728 2384 quod
743 2331 915 2384 sapientis
928 2344 1006 2370 non
1019 2330 1083 2370 est.
1097 2331 1150 2369 At
1162 2330 1188 2369 si
1208 2331 1338 2370 Aelia·

70 2399 166 2428 num
178 2387 306 2428 audias
315 2417 328 2435 ,
342 2387 422 2428 duo
435 2386 623 2428 Periandri
637 2385 805 2435 fuerunt,
818 2384 965 2439 sapiens
977 2385 1086 2433 alter,
1098 2384 1190 2425 alter
1205 2396 1339 2437 tyran-
