1768 3185
255 202 356 252 ΙΝ
425 202 1199 251 HERMOTIMUM.
1276 218 1370 268 399

97 304 233 348 γεω-ιν
246 291 396 342 αἵρεσιν.
410 292 471 333 Ac
495 292 612 345 paulo
626 290 739 345 supra
754 291 855 345 apud
875 289 1059 330 Nostrum
1076 320 1088 336 ,
1103 289 1260 330 ἁπάσης
1282 291 1370 331 esa&

0 379 6 399 ,
99 347 371 400 πεπειράμενος
384 347 420 386 ὲν
437 347 640 396 φιλοσοφίᾳ
651 377 662 394 ,
677 346 792 385 vertit
803 375 814 393 ,
830 361 942 384 omnes
946 344 1182 397 philosophiae
1188 344 1295 395 seHas
1309 361 1370 384 ex-

96 416 228 456 pertus.
243 400 363 440 Recle
377 400 552 453 quidem·‚
577 411 716 438 verum
731 401 820 452 quia
835 399 894 438 hic
915 397 1083 451 sequitur
1102 399 1194 450 ἄγει
1207 427 1217 442 ,
1233 398 1372 438 rectius

103 456 151 495 ad
163 455 328 495 verbum
347 453 606 500 convertitur,
623 454 696 500 via,
716 468 799 505 quae
816 453 909 492 ducit
916 467 932 499 ;
947 453 1051 491 viam
1074 453 1222 491 interim
1237 465 1372 504 quam-

0 550 3 562 ,
103 521 261 562 cunque
283 508 417 560 agendi
431 507 654 546 methodum
669 505 878 559 fignificare
894 507 933 544 in
950 507 1128 546 omnibus
1142 506 1278 558 linguis
1290 537 1302 555 ,
1316 505 1374 545 sa-

0 584 4 600 ·
104 563 152 603 tis
164 574 301 602 notum
314 561 378 601 est.
394 561 541 601 Rerrz.

45 616 51 621 “
157 618 230 656 ead.
246 616 271 654 l.
283 628 320 667 9.
329 611 404 668 ’'A-y
411 629 440 654 ει
452 611 532 654 εὐθὺ
544 611 612 654 τῆς
625 609 845 661 εὗὲαιμσνία
852 613 886 666 ς)
898 611 958 653 Sic
970 614 1084 653 etiam
1097 626 1187 654 cum
1200 612 1375 654 accusan-

104 670 145 710 di
156 669 244 709 casu
263 671 375 721 ἄγειν
390 668 467 708 fine
482 666 784 721 praepositione,
808 681 879 719 pro
902 683 1016 721 agere,
1035 670 1150 708 ducere
1171 671 1218 706 ad
1226 669 1376 720 aliquid,

106 723 286 764 Budaeus
299 725 339 761 in
354 722 576 763 Comment.
590 734 638 761 ex
653 722 833 774 Xenoph.
850 723 895 760 de
905 723 1042 761 Venat.
1057 724 1168 776 ἄγειν
1183 724 1255 761 τὰς
1265 723 1376 762 κύνας

104 779 161 818 τὰ
176 776 352 829 τραχέα..
365 776 459 816 Item
473 777 582 829 ἄγειν
595 775 641 815 Σὲ
652 774 798 825 ἄμεινον
812 777 884 815 τὰς
902 776 1012 815 κύνας
1027 778 1080 813 τὰ.
1096 776 1155 827 'o'pn
1169 776 1373 816 πολλάκις.

0 860 3 867 .
57 834 62 836 ’
104 829 185 871 Nisi
198 831 261 870 hic
276 830 383 870 malis
396 829 617 870 construere
627 860 638 877 ,
651 826 711 881 &7
718 843 748 868 ει
769 827 849 868 εὐθὺ
861 857 872 876 ,
887 830 979 868 ducit
991 833 1077 869 rebla
1089 860 1100 875 ‚
1115 829 1180 870 τῆς
1197 826 1378 879 §dhegan-

104 888 184 926 νίας
199 884 301 937 usque
318 888 368 923 ad
377 884 595 935 filieitatem,
613 884 666 922 ita
687 894 728 922 ut
743 884 862 936 μέχρι
885 883 1169 936 intelligendum
1188 884 1379 936 relinqua-

106 950 184 986 tur,
206 939 270 978 vel
286 941 379 989 πρὶς
395 938 518 977 rimav-
541 938 587 977 de
607 950 684 1002 qua
703 936 822 988 ellipfi
837 937 912 975 vid.
929 937 1009 977 Bos
1028 937 1074 977 de
1095 936 1221 989 Euips.
1241 939 1309 990 qui
1327 950 1378 977 ex

105 990 254 1032 Nostro
265 992 305 1031 in
317 991 382 1031 Bis
393 990 569 1032 Accusat.
584 990 667 1030 Ευθὺ
681 991 748 1030 τεῦ
762 990 894 1042 Ἀρείου
906 991 1056 1044 πάγου,
1071 1003 1141 1030 nec
1154 1004 1234 1030 non
1251 992 1322 1030 alia
1335 991 1378 1031 fi-

105 1047 211 1088 milia
226 1059 275 1085 ex
288 1046 369 1085 aliis
381 1045 603 1085 auctoribus
615 1045 669 1084 ita
686 1046 852 1097 exponit
864 1076 874 1091 ‚
889 1058 988 1097 quae
1009 1045 1069 1085 hic
1087 1058 1168 1084 non
1182 1057 1379 1098 repetam3

105 1113 197 1141 nam
216 1099 258 1140 δι
278 1098 418 1139 Noster
435 1100 549 1139 etiam
564 1097 652 1138 alibi
665 1111 744 1138 non
758 1097 870 1138 semel
882 1097 933 1139 fic
951 1099 1063 1149 loqui
1081 1112 1201 1147 amat,
1216 1110 1259 1139 ut
1274 1099 1380 1140 Dial.

106 1153 231 1194 Mort.
255 1152 448 1193 XXXVII
467 1166 522 1206 pr.
534 1150 697 1203 ’Ἀπιμεν
721 1148 799 1191 εὐθὺ
825 1151 874 1192 τνῖ
877 1167 892 1191 ς
915 1152 1069 1192 uaebssv
1091 1154 1380 1205 περιπατήσον·

109 1221 190 1254 τες,
210 1211 294 1246 reela
317 1209 367 1246 ad
381 1207 514 1247 Averni
527 1206 714 1260 dcscenficm
736 1208 965 1255 ambulaturi,
984 1207 1050 1247 ubi
1072 1207 1380 1248 Hemsserhusius

111 1261 190 1301 iam
208 1261 329 1314 plura.
344 1261 492 1301 ΚΕΗ-Ζ.

162 1315 327 1368 Pag.63.
341 1316 363 1353 l.
381 1329 395 1354 1
411 1329 442 1355 ι.
454 1313 642 1368 Ἐξιέναι)
662 1313 937 1366 Rescripfimus
958 1328 1007 1354 ex
1021 1327 1166 1368 margg.
1186 1313 1258 1354 Ms.
1275 1315 1376 1369 Reg.

110 1382 214 1424 ²954
225 1399 238 1416 ,
253 1369 293 1409 &
305 1368 364 1408 ed.
378 1369 451 1408 A.1
467 1373 521 1407 W.
535 1381 718 1408 monente
730 1368 775 1408 cl.
788 1369 833 1408 B.
849 1369 894 1408 de
905 1369 999 1408 Ball.
1015 1369 1130 1421 Vulg.
1149 1369 1294 1420 ἐξεῖναι.

163 1423 256 1475 Pag.
277 1423 379 1472 641.
402 1436 432 1462 ι.
447 1425 549 1463 Τινὶις
568 1423 639 1463 τῶν
658 1422 799 1476 σοφῶν)
822 1422 1048 1475 Epicharmi.
1064 1423 1193 1462 Vertit
1213 1424 1381 1465 Cicero:

109 1477 206 1519 nervi
215 1490 316 1529 atque
325 1478 509 1529 artusfimt
515 1477 707 1530 fizpientiae
716 1506 727 1522 ,
742 1493 810 1515 non
825 1489 938 1516 temere
952 1479 1087 1516 credere.
1100 1477 1216 1530 (vid.
1227 1478 1328 1518 Suid.
1340 1492 1382 1520 V.

79 1533 83 1535 “
110 1529 224 1583 νιῖφε)
241 1528 345 1578 Nive
364 1531 429 1569 καὶ
451 1531 615 1581 μέμνασ’
634 1530 812 1571 ἀπιστεῖν
825 1562 837 1579 ,
858 1531 970 1584 ἀρθρσ.
989 1528 1123 1571 ταῦτα
1142 1529 1212 1571 ‘liv
1235 1533 1378 1585 φρενὲίν.

112 1585 259 1630 Laudat
271 1585 383 1624 etiam
396 1584 593 1636 Polybius.
606 1584 763 1624 SOLAN.

164 1639 245 1678 ibid.
260 1638 335 1680 Τῶν
350 1638 487 1692 σοφῶν)
499 1639 650 1691 Septem
665 1638 904 1692 sapientium.
918 1638 1058 1678 BROD.

166 1694 238 1731 ead.
261 1692 284 1731 l.
308 1705 342 1731 2.
355 1691 474 1741 Νῆφε)
495 1693 695 1746 Epicharmi
712 1691 808 1741 effe,
827 1692 1071 1744 adscripserat
1083 1692 1258 1733 Solanus.
1273 1693 1378 1734 Idem

112 1746 186 1786 iam
200 1746 341 1786 fecerat
353 1746 548 1798 Guyetus.
564 1747 710 1786 ΚΕΗ-Ζ.
725 1747 758 1784 V
759 1745 828 1798 afri
841 1747 933 1785 illius
943 1748 1052 1786 Siculi
1065 1748 1267 1798 Epicharmi
1278 1779 1290 1795 ,
1309 1750 1379 1802 qui

113 1799 319 1849 Ciceroni,
336 1801 442 1853 quod
460 1801 618 1841 testatur
630 1802 675 1840 ad
691 1802 773 1841 Att.
790 1814 824 1848 1,
839 1814 884 1853 19
896 1831 906 1846 ‚
918 1803 1026 1841 crebro
1045 1801 1283 1852 insusurrabat
1296 1819 1380 1842 can-

113 1855 250 1894 tilenam
260 1855 355 1894 illam
367 1854 492 1905 suam:
509 1854 604 1904 Ννῖφε
614 1885 629 1902 ,
642 1855 705 1894 καὶ
723 1855 889 1906 ‘aduitae’
903 1854 1099 1894 ἀπιστεῖν·
1121 1856 1230 1907 αρθρα,
1248 1855 1380 1896 ’ταῦτα

113 1907 189 1949 τῶν
203 1907 348 1960 φρενῶν.
360 1907 488 1949 (ΞεεΝ.

166 1966 242 2001 ead.
256 1962 282 2001 l.
297 1977 334 2010 4.
346 1961 427 2002 Τοῖς
439 1960 520 2014 ἑξῆς
532 1961 661 2016 λέγον)
675 1962 773 2001 Aliis
788 1962 941 2014 loquendi
955 1962 1096 2014 copiam.
1112 1961 1252 2003 BROD.

168 2018 242 2054 ead.
259 2016 283 2054 l.
301 2029 359 2056 ιο.
372 2016 456 2069 Μὴ)
478 2016 567 2055 Νοη
582 2017 770 2056 reveritus
783 2019 862 2055 lum
877 2016 1116 2068 optimarum
1129 2018 1233 2057 editt.
1248 2017 1381 2058 aufto-

115 2069 282 2116 ritatem,
296 2082 395 2123 quae
402 2086 466 2120 μοι
481 2069 616 2122 ἐξαίρει
631 2083 703 2122 pro
712 2071 763 2120 μὶ
778 2069 831 2122 ἐξ.
848 2070 996 2109 habent.
1012 2070 1084 2109 Sed
1097 2072 1210 2110 unius
1223 2071 1320 2111 Cod.
1334 2073 1377 2112 L.

116 2123 322 2170 lectionem
341 2124 403 2163 hic
425 2123 624 2178 praefero,
640 2125 728 2176 quia
741 2123 931 2176 sequentia
949 2124 1135 2164 evincunt
1151 2123 1202 2165 sic
1215 2124 1380 2165 scriben-

116 2176 233 2225 dum·,
248 2190 334 2217 nam
349 2191 438 2218 cum
459 2176 579 2217 statim
605 2176 793 2225 subiiciat,
815 2193 889 2217 cum
909 2178 964 2217 his
985 2179 1088 2232 igitur
1099 2180 1263 2232 quinque,
1279 2191 1380 2232 quae

118 2231 216 2271 adeo
227 2233 468 2271 annumerari
481 2231 631 2280 voluit,
643 2232 668 2271 i.
679 2245 711 2271 e.
725 2247 792 2270 non
810 2232 929 2285 excipi.
942 2231 1159 2272 Absurdum
1176 2245 1303 2272 autem
1323 2233 1382 2272 fo⁴

117 2297 199 2332 ret,
212 2284 240 2324 si
255 2285 400 2326 dixisset
411 2315 425 2332 ,
439 2286 572 2339 excipe,
586 2284 686 2336 aufir
695 2287 773 2324 illos
794 2302 918 2334 annos,
936 2299 1036 2337 quos
1050 2297 1178 2325 tamen
1200 2288 1302 2327 illico
1318 2287 1384 2330 ad-v

113 2338 180 2379 dit.
195 2338 267 2379 Sed
278 2340 352 2378 iam
365 2340 525 2379 alterum
538 2339 628 2379 illud
643 2341 706 2378 καὶ
720 2339 884 2379 deletum
898 2340 1025 2379 velim.
1042 2341 1187 2379 Rerrz.

169 2394 244 2431 ead.
258 2393 282 2431 l.
301 2406 316 2431 1
327 2407 358 2433 1.
372 2394 488 2433 Πέντε
500 2392 586 2445 ἔτη)
599 2392 745 2434 Confer
760 2393 869 2445 supra
882 2394 963 2433 Vit.
977 2393 1094 2434 Αυᾶὶ.
1108 2406 1142 2434 e.
1158 2409 1190 2447 3.
1204 2393 1353 2434 Rmz.

171 2446 251 2485 ibid.
266 2450 294 2485 T
297 2448 324 2485 ὲι
335 2446 399 2487 τῆς
413 2445 576 2500 σιωπῆς)
597 2447 697 2486 Nam
719 2449 891 2501 quinque
911 2460 1030 2489 annos
1053 2448 1226 2489 tacebant
1241 2449 1382 2501 Pytha«

112 2511 349 2556 goraeorum
361 2499 538 2555 discipuli.
552 2501 691 2542 Bnon.
