1768 3185
117 178 187 226 IN
210 177 552 249 QUOMODO
575 174 736 224 HIST.
757 174 857 224 SlT
875 175 1135 226 CONSCR.
1202 179 1292 242 481

24 275 70 306 to
88 279 139 307 eo
151 266 337 308 sermonis
349 265 488 310 trafiu,
505 264 632 306 nullus
643 264 697 305 est
710 264 819 305 locus
833 264 1021 306 mentioni
1032 266 1078 305 de
1090 267 1301 311 nobilitate.

25 320 121 361 Ideo
143 324 187 360 rb
208 321 272 369 ἀφ’
292 319 510 373 Ἡρακλέους
530 322 717 373 γενέσδοιι
733 332 812 359 non
831 319 981 359 videtur
994 319 1208 361 consonare
1224 326 1298 363 toti

25 374 336 420 ratiocinationi,
359 374 401 413 &
417 374 567 413 aberrat
583 374 631 412 ab
647 372 817 412 auetoris
831 372 963 426 scopo.
982 373 1072 413 ldeo
1086 386 1168 414 non
1183 374 1298 428 suspi-

25 441 109 476 cor,
123 428 184 467 sed
201 427 411 467 firmissime
426 429 561 473 credo,
577 428 792 466 Lucianum
817 426 995 480 scripsiffe
1013 424 1119 467 ‹nisti›
1140 429 1300 469 κωλύσει

26 481 57 521 η’
73 483 135 530 ἀφ’
145 482 360 535 Ἡρακλέους
373 486 571 534 ‘ymo-3021,
583 481 689 533 quod
701 481 855 532 quidam
872 494 951 520 non
973 480 1236 534 intelligentes,
1256 485 1303 540 ἃς

25 547 220 590 putantes,
235 536 371 576 debere
384 535 552 588 intelligi,
570 535 831 574 Nicostratum
845 548 867 573 e
882 534 1055 588 prosapia
1068 536 1243 576 Herculis
1258 537 1300 576 &

25 589 212 629 oflavum
227 591 277 629 ab
291 591 462 629 Hercule
478 588 603 634 fuisse,
617 589 724 640 quod
736 588 802 633 est,
818 590 1019 641 trinepotis
1031 588 1168 637 filium,
1182 591 1223 630 &
1243 591 1302 630 vi-

25 643 174 690 dentes,
187 645 222 684 id
243 643 467 695 impoffibile
479 642 553 682 effe
567 655 614 681 ex
634 643 780 681 ratione
792 643 993 694 temporis,
1005 643 1151 682 literam
1167 654 1302 685 nume·

27 697 146 737 ralem
159 697 189 737 η’
202 697 441 737 sustulerunt.
457 697 511 737 At
526 695 657 749 ὀγδόου
670 696 733 743 ἀφ’
745 697 963 746 Ἡρακλέους
976 709 1054 735 non
1068 697 1114 736 de
1127 697 1237 751 stirpe
1247 700 1302 737 in-

25 751 272 805 telligendum
285 783 298 799 ‚
319 751 424 804 quasi
448 750 562 791 fuerit
578 750 640 788 ille
655 750 896 789 Nicostratus
910 751 1152 798 Heraclides,
1173 751 1234 792 sed
1254 753 1301 793 de

26 806 161 846 ordine
172 819 325 851 eorum,
338 804 539 858 quiluRae
551 804 590 843 &
604 804 786 856 pancratii
803 803 966 855 palmam
979 805 1089 844 simul
1102 807 1234 845 eadem
1248 819 1302 846 re-

28 871 280 912 portaverant
292 859 372 908 die‚
386 872 558 911 quorum
577 858 722 911 primus
739 869 963 896 numeratur
975 860 1155 905 Hercules,
1169 859 1303 900 secun·

27 914 99 954 dus
115 916 248 967 Caprus
259 914 394 960 Eleius,
407 913 452 952 de
469 925 551 966 quo
570 914 643 951 iam
655 910 768 964 supra
781 912 826 950 ad
843 910 1063 950 Pausaniam
1078 913 1117 951 in
1134 915 1302 954 Heliacis

28 980 66 1020 p.
81 981 156 1017 170
170 968 351 1013 diximus,
365 968 501 1006 tertius
511 966 736 1018 Aristomenes
749 966 921 1011 Rhodius,
935 979 1095 1019 quartus
1106 967 1300 1019 Protoplza-

27 1038 86 1061 nes
100 1023 317 1076 Magnesius,
341 1021 498 1074 quintus
514 1021 654 1058 Straton
666 1020 928 1058 Alexandrinus
938 1050 950 1068 ‚
977 1020 1106 1059 (extus
1129 1023 1299 1062 Marioon

28 1076 307 1119 Alexandrinus,
316 1073 495 1128 septimus
507 1074 660 1128 Artsteas
669 1077 696 1113 S
699 1074 940 1125 [ratonicenfis‚
951 1073 1116 1114 offiavus
1131 1076 1301 1128 Nicostra-

30 1142 87 1169 tus
98 1130 189 1170 Cilix
197 1130 401 1182 Aegaeates,
412 1130 457 1169 de
468 1142 548 1182 quo
562 1129 620 1168 hic
628 1128 802 1181 loquitur
817 1128 955 1167 Lucian
961 1140 1019 1173 us,
1032 1129 1099 1180 qui
1109 1128 1249 1168 lunam
1260 1131 1301 1170 St

29 1185 266 1238 pancratium
281 1185 373 1223 vicit
383 1182 625 1236 Olympiade
642 1195 734 1230 204,
745 1193 863 1234 quem
874 1183 992 1220 etiam
1005 1194 1197 1222 memorat
1207 1184 1302 1224 Pau-

30 1239 157 1278 sanias
169 1238 317 1278 Heliac.
338 1251 369 1276 1.
395 1237 442 1277 Et
457 1250 506 1277 ex
521 1237 598 1275 hoc
616 1237 706 1275 loco
729 1237 770 1275 δι
785 1235 969 1274 Pausania
984 1238 1233 1289 corrigendus
1246 1239 1301 1277 est

30 1292 397 1346 Olympionicarum
423 1291 622 1343 catalogus
635 1288 741 1330 alos.
763 1290 958 1342 Scaligero
976 1290 1211 1342 publicatus,
1233 1293 1302 1332 ubi

29 1348 159 1386 Stratis
169 1356 351 1392 vocatur,
367 1347 475 1385 male.
496 1345 612 1384 Error
625 1356 737 1384 natus
747 1357 796 1382 ex
808 1345 987 1396 e0,quod
1001 1343 1102 1383 forte
1111 1345 1226 1384 literis
1239 1345 1302 1386 fu.

29 1401 220 1454 gientibus
235 1400 432 1453 legebatur
442 1399 684 1453 παγκράτιον
697 1398 762 1436 καὶ
775 1398 906 1436 πάλην
920 1413 976 1436 vm
990 1412 1121 1449 στρκς,
1135 1401 1235 1439 unde
1250 1401 1301 1440 di·

29 1455 181 1495 vinavit
195 1453 404 1507 exscriptor
426 1454 524 1493 νίκων
547 1453 714 1503 στράτις.
736 1452 838 1492 Cum
859 1464 956 1504 ergo
977 1451 1217 1492 Nicostratus
1238 1455 1301 1494 ille

30 1508 159 1549 vietor
172 1510 410 1548 renuntiatus
424 1506 539 1547 fuerit
554 1505 716 1559 Olymp.
730 1519 805 1554 204
815 1536 826 1551 ‚
849 1519 869 1544 a
884 1505 1004 1545 Troia
1015 1518 1113 1545 vero
1132 1519 1243 1559 capta
1255 1509 1302 1547 ad

31 1562 193 1616 primam
203 1562 481 1616 Olympiadem
497 1572 745 1600 numerentur
757 1560 844 1598 anni
855 1560 1120 1612 quadringenti
1134 1561 1226 1601 06ὶο
1238 1563 1305 1601 cir-

31 1618 140 1665 citer,
155 1617 344 1657 Hercules
357 1630 455 1656 vero
467 1616 607 1655 vixerit
620 1626 706 1654 ante
721 1614 881 1654 Troiam
895 1625 1044 1666 captam
1061 1627 1137 1653 una
1150 1628 1306 1668 genera-

30 1672 140 1712 tione
154 1672 202 1711 ad
216 1672 358 1719 minus,
374 1669 614 1710 manifestum
626 1667 694 1714 est,
706 1667 965 1708 Nicostratum
980 1667 1088 1706 illum
1105 1681 1185 1708 non
1198 1669 1305 1723 poss'e

31 1725 228 1766 numerari
239 1725 423 1766 ostavum
435 1725 484 1763 ab
495 1723 662 1763 Hercule
672 1721 880 1762 secundum
893 1722 1199 1774 generationem:
1212 1735 1303 1764 nam

33 1779 276 1821 numerando
289 1780 444 1832 triginta
453 1790 576 1818 annos
590 1778 630 1816 in
645 1789 878 1830 unaquaque
893 1776 1138 1828 generatione
1149 1807 1159 1824 ,
1174 1789 1217 1815 ut
1230 1792 1305 1817 vo-

33 1833 118 1874 lunt
139 1833 406 1886 Chronologi‚
427 1834 496 1872 vix
517 1831 729 1871 sufficerent
753 1829 1004 1882 quadraginta
1029 1831 1308 1881 generationes.

32 1887 172 1942 Itaque
183 1901 280 1928 vero
292 1889 426 1927 verius
439 1885 492 1926 est
502 1886 640 1925 debere
653 1885 740 1937 legi,
753 1885 780 1923 η’
794 1885 857 1931 ἀφ’
873 1882 1101 1934 Ἡρακλέους,
1115 1882 1155 1922 δι
1167 1884 1305 1924 intelli-

34 1944 72 1996 gi
87 1955 167 1982 non
182 1943 228 1982 de
240 1941 352 1994 stirpe
364 1972 375 1988 ,
397 1940 458 1980 sed
471 1940 517 1979 de
531 1939 703 1979 viaoriis
717 1938 963 1990 Olympiacis
981 1936 1108 1976 lufiae
1119 1967 1130 1982 ‚
1153 1938 1193 1976 δι
1209 1952 1305 1991 pan.

35 1997 155 2037 cratii.
184 1996 319 2036 ΡΑιΜ.
349 1995 386 2035 Si
405 1995 469 2035 cui
489 2006 568 2033 non
591 1991 788 2032 satisfaciat
800 1991 1038 2030 Palmetiana
1057 1993 1279 2032 conie6tura
1292 2025 1305 2042 ,

36 2050 148 2103 (mihi
163 2051 318 2104 quidem
334 2048 420 2088 satis
431 2059 541 2088 tanto
556 2049 679 2086 minus
691 2045 796 2094 facit,
811 2046 918 2099 quod
933 2046 1050 2084 video
1065 2045 1192 2084 Verae
1207 2047 1302 2086 Hist.

36 2105 100 2145 lib.
114 2119 153 2152 2,
166 2117 198 2145 c.
212 2118 276 2153 22,
293 2103 461 2143 similiter
471 2100 599 2141 dixisse
614 2100 812 2146 Nostrum,
830 2097 944 2150 Κᾶρος
958 2098 974 2137 ὃ
988 2099 1056 2145 ἀφ’
1070 2097 1305 2154 Ἡρακλέους)

36 2159 98 2199 ille
109 2159 271 2212 cogitet,
281 2170 329 2196 an
346 2170 426 2197 non
443 2157 517 2196 buc
531 2154 757 2205 referendus
767 2153 811 2193 sit
824 2153 884 2192 ille
898 2151 1150 2212 Nicostratus,
1163 2155 1208 2193 de
1222 2169 1305 2208 quo

36 2213 156 2254 Diod.
172 2213 242 2253 Sic.
254 2211 367 2259 XVI,
381 2226 446 2261 44,
458 2225 495 2264 p.
515 2224 585 2263 533
601 2208 732 2262 Steph.
746 2207 807 2248 Ἠν
819 2206 925 2262 γᾰςὸ
943 2207 1031 2257 ἀνὴρ
1042 2221 1146 2245 ουτος
1159 2208 1305 2262 ἀγαθὸς

37 2268 104 2308 καὶ
124 2266 348 2320 mezzana}
369 2265 674 2311 βαυλεὺσασῧσιι,
696 2264 933 2315 μεμιγμένην
952 2261 1055 2312 ἔχων
1075 2260 1124 2309 *rip*
1137 2261 1306 2313 φρονήσει

37 2317 411 2373 μωνίιιν.Τῇγᾶςτοῦ
423 2319 600 2370 σώματος
612 2316 709 2368 ῥώμῃ
722 2316 900 2367 ἓιοιφέρων
911 2314 1034 2365 ὲμίμει
1048 2319 1109 2353 τὸν
1121 2314 1305 2366 Ἡραωιλεάι

41 2377 146 2415 κατὰ
167 2378 238 2414 τὰς
260 2373 481 2426 στρατείαις,
504 2373 568 2411 καὶ
586 2369 731 2412 λεοντῆν
745 2370 882 2423 ἐφόρει,
904 2370 967 2408 καὶ
983 2368 1148 2421 ῥόπαλον
1168 2371 1203 2410 ἐν
1219 2370 1305 2410 ταῖς

37 2429 211 2482 μάχαις.
231 2428 358 2470 GESN.

93 2484 174 2522 ibid.
187 2483 264 2531 Ἀφ’
277 2480 513 2534 Ἡρακλέους)
528 2478 658 2519 Βοξὶε
670 2477 724 2518 est
736 2475 823 2517 sane
838 2476 877 2517 δι
891 2486 1005 2517 acuta
1019 2474 1195 2517 Palmerii
1212 2490 1307 2518 con-

125 2537 269 2577 Lucian.
297 2538 376 2576 Vol.
393 2537 415 2574 I
418 2537 459 2574 V.
987 2529 1028 2569 H
1042 2529 1066 2568 h
