1841 3180
494 181 596 241 ’486
706 179 1580 228 ANNOTATIONES

499 265 726 321 gnificatum
739 270 820 308 eius
834 269 910 307 huc
926 267 1141 306 convenire
1154 277 1302 307 certum
1316 267 1419 307 esset.
1430 269 1583 308 Verum
1597 269 1686 321 quia
1697 281 1779 309 non
1836 262 1841 272 ⁴

496 323 630 374 potuit
645 321 758 369 scire,
777 322 869 375 quid
882 320 1004 361 Codd.
1023 320 1143 361 nostri
1156 321 1342 360 haberent
1353 352 1362 369 ‚
1377 335 1452 375 ego
1466 321 1692 362 consensum
1708 335 1776 363 eo-

496 388 586 415 rum
602 377 640 415 in
660 389 761 416 voce
776 375 894 415 obvia
906 405 915 419 ‚
932 376 973 415 &
989 375 1052 415 hic
1069 375 1166 414 bene
1189 387 1361 428 congrua
1372 406 1381 421 ‚
1397 376 1688 427 praeferendum
1707 377 1777 416 du·
1839 375 1841 398 ³

496 430 538 468 xi
551 459 561 472 ,
578 442 705 481 eoque
719 431 858 482 magis,
875 429 966 481 quia
979 429 1079 468 duae
1091 429 1172 469 edd.
1186 430 1377 482 principes
1389 431 1443 469 Fl.
1459 430 1500 470 &
1516 431 1544 468 I.
1559 443 1606 469 ne
1621 430 1776 483 quidem
1839 435 1841 450 ³

497 483 683 536 vulgatae
699 482 966 528 assentiuntur,
982 481 1041 522 sed
1059 484 1104 523 ad
1125 483 1283 522 alteram
1306 482 1501 524 Codicum
1522 497 1682 538 quoque
1705 484 1777 524 du·
1839 482 1841 506 ³

496 548 601 577 cunt.
617 537 760 577 REITZ.
776 536 1007 587 Ἀσὺμφυλον
1022 537 1135 576 etiam
1151 536 1221 576 Ms.
1235 537 1334 590 Reg.
1351 551 1423 589 301
1435 552 1466 576 1.
1839 537 1841 559 ⁴

553 591 647 644 Pag.
663 604 746 642 ¹72·
760 591 786 629 l.
804 605 862 639 14.
877 590 1157 642 Ἀριστοβούλου
1170 614 1214 621 -
1226 591 1474 645 γράκψοιντος)
1488 591 1604 646 Angl.
1616 592 1779 645 Ἀριστό·

496 644 628 688 βουλος
643 644 818 698 γράψας.
832 645 1006 684 BoURD.
1025 645 1102 684 Adi
1116 644 1225 684 Voss.
1246 645 1292 684 de
1314 644 1407 684 Hist.
1422 645 1494 686 Gr.
1513 645 1659 685 Laudat
1673 647 1776 688 hunc

497 697 594 736 Plut.
606 698 643 736 in
660 698 772 738 Alex.
789 699 829 738 &
847 698 934 750 584,
954 713 966 736 ι
981 712 992 745 ;
1009 699 1109 738 unde
1122 699 1254 751 liquet,
1268 698 1447 739 exstitisse
1461 698 1559 739 illius
1575 712 1720 740 novam
1734 702 1777 742 &

498 751 548 790 ab
566 751 638 792 hac
654 751 842 792 diversam
866 752 1074 792 historiam.
1098 751 1237 793 Strabo
1261 754 1375 792 etiam
1391 753 1486 795 XV,
1507 767 1544 806 p.
1562 767 1613 793 m,
1628 768 1707 808 494
1726 755 1776 795 A.

496 805 589 844 Vid.
604 806 644 845 &
665 806 742 846 608
753 837 765 856 ,
782 820 816 854 1,
832 805 996 846 eiusdem
1015 807 1052 846 P.
1069 806 1227 846 SOLAN.
1243 807 1272 846 F
1275 806 1410 847 aceffat
1433 806 1547 847 lefflo
1561 807 1750 849 Codicum
1763 838 1776 855 ,

496 859 784 900 nominativum
804 861 1128 914 exprimentium:
1145 861 1211 900 etsi
1232 862 1335 900 enim
1360 861 1592 901 nominativi
1615 861 1778 903 absoluti

498 914 675 967 exempla
691 927 772 954 non
786 914 929 961 defiat,
947 925 1077 954 tamen
1094 915 1186 967 quia
1206 915 1315 954 iidem
1337 915 1422 954 libri
1444 914 1675 969 ἀναγνόντος
1693 929 1775 957 non

497 978 672 1014 mutant,
694 969 784 1008 hinc
803 981 873 1008 nec
893 968 1134 1021 γράψαντος,
1158 982 1228 1008 nec
1239 967 1536 1020 Ἀριστοβούλου,
1548 971 1774 1011 mutandum

498 1032 604 1071 erat3
620 1035 701 1061 non
719 1023 822 1063 enim
846 1023 1065 1062 Alexander
1087 1023 1235 1075 legebat
1248 1054 1259 1071 ‚
1273 1022 1334 1062 sed
1355 1021 1431 1075 ipse
1446 1023 1692 1065 Aristobulus
1705 1038 1776 1065 au-

496 1075 585 1115 &or
600 1077 634 1115 ei
649 1075 758 1116 suum
773 1089 871 1130 opus
886 1077 1147 1130 praelegebat,
1163 1078 1268 1130 quod
1290 1076 1383 1116 olim
1398 1078 1519 1117 moris
1538 1076 1670 1128 fuisse,
1693 1091 1776 1120 non

497 1128 554 1168 est
567 1142 667 1183 opus
680 1131 865 1181 exemplis
878 1131 1056 1182 probari,
1073 1143 1162 1170 cum
1178 1131 1394 1171 Alexander
1442 1131 1547 1171 ostea
1565 1132 1717 1172 demum
1735 1134 1777 1172 li·

497 1185 612 1223 hrum
626 1185 837 1236 arripuisse,
849 1184 938 1224 &in
951 1196 1068 1239 caput
1079 1185 1246 1225 melotis
1258 1185 1400 1238 proieci
1433 1198 1454 1225 e
1466 1186 1622 1226 dicatur.
1637 1187 1777 1227 Exem-

496 1237 562 1292 pla
573 1247 704 1278 autem
716 1238 819 1279 istius
830 1240 1019 1279 nominat.
1033 1238 1139 1293 quafi
1151 1238 1316 1279 absoluti
1327 1239 1500 1279 dabimus
1511 1240 1611 1279 alibi.
1624 1241 1773 1282 Rerrz.

557 1293 647 1347 Pag.
665 1306 748 1347 ¹73·
761 1294 786 1332 l.
802 1294 930 1342 4³57>
942 1293 1125 1347 κεφαλὴν)
1140 1294 1283 1333 Mirum
1303 1294 1423 1333 videri
1442 1292 1578 1346 poffit,
1597 1294 1773 1349 usurpari

497 1346 597 1387 hanc
611 1347 763 1400 phrasin
776 1348 822 1387 de
836 1348 935 1393 libro,
954 1361 1042 1390 cum
1056 1349 1213 1400 proprie
1226 1349 1272 1388 de
1285 1347 1513 1388 animalibus
1523 1349 1672 1389 dicatur
1685 1364 1778 1403 pro-

494 1414 552 1440 no
567 1402 692 1455 capite
704 1402 927 1447 deturbatis,
941 1403 997 1441 uti
1010 1401 1212 1455 usurpatur
1225 1402 1263 1441 in
1275 1401 1392 1442 Gallo
1407 1414 1439 1442 c.
1457 1416 1519 1456 23,
1531 1402 1595 1442 ἐπὶ
1609 1406 1774 1453 κεφαλῗνν

488 1455 537 1493 ἐς
549 1456 722 1508 πέλαγος
746 1455 986 1507 ἐμπεσόντες.
1002 1456 1072 1496 Sed
1088 1456 1240 1495 videtur
1254 1456 1299 1495 ad
1313 1456 1388 1495 alia
1402 1456 1515 1496 etiam
1530 1456 1681 1497 tandem
1704 1457 1772 1499 usu

496 1509 647 1549 detorta
662 1508 782 1549 fuiffe.
795 1510 883 1549 Vid.
896 1511 942 1550 de
954 1527 1016 1549 ara
1028 1510 1252 1563 usurpatum
1270 1516 1307 1549 Z.
1320 1524 1373 1562 τρ.
1390 1522 1424 1549 c.
1438 1525 1502 1559 44.
1513 1510 1671 1552 SOLAN.

529 1566 625 1622 Nead.
638 1565 662 1602 l.
672 1563 769 1604 6.’Ev
780 1563 955 1613 ἀκοντίῳ)
968 1563 1039 1604 Καὶ
1054 1564 1095 1604 σὲ
1107 1564 1151 1604 s}
1161 1560 1275 1603 οὕτως
1289 1563 1409 1618 ἐχρῆν,
1419 1565 1692 1617 Ἀριστόβουλε,
1704 1581 1775 1606 τοι·

497 1631 603 1655 αυτοι
616 1616 709 1668 ὑπὲρ
721 1614 810 1668 ἐμοῦ
818 1617 1131 1670 μονομαχοῦντα,
1144 1619 1208 1657 καὶ
1222 1617 1432 1666 ἐλέφαντας
1442 1619 1475 1658 ἑν
1488 1618 1641 1670 ἀκοντίῳ
1654 1620 1776 1670 φονεύ-
1823 1620 1825 1623 ’

496 1685 601 1711 οντα.
617 1671 721 1719 Scio,
736 1683 778 1711 ut
794 1671 942 1712 defendi
955 1671 1067 1725 poffit
1079 1673 1173 1712 haec
1190 1671 1385 1725 scriptura,
1402 1685 1542 1712 verum
1554 1672 1771 1726 persuasum

496 1735 629 1765 tamen
645 1725 771 1765 habeo
781 1756 792 1774 ‚
806 1726 1016 1766 Lucianum
1032 1725 1213 1779 scripfiffe
1224 1758 1234 1774 ‚
1250 1727 1315 1765 καὶ
1333 1727 1543 1775 ἐλέφαντας
1555 1726 1602 1767 ἑνὶ
1615 1727 1772 1778 ἀκοντίῳ

497 1778 725 1826 φονεύοντα,
751 1795 821 1819 una
834 1781 969 1832 sagitta
990 1781 1181 1834 elephantes
1206 1780 1464 1832 interficientem.
1486 1780 1611 1833 Quod
1635 1782 1676 1822 &
1698 1782 1772 1823 Ms.
1823 1828 1827 1836 ,

495 1845 593 1884 prae
612 1832 649 1872 se
664 1833 759 1883 fert,
775 1846 819 1873 ut
832 1848 936 1875 nunc
955 1834 1203 1887 deprehendi,
1218 1848 1306 1874 cum
1328 1835 1421 1875 haec
1435 1847 1483 1874 ex
1500 1837 1593 1875 meis
1607 1835 1772 1887 schedis,

496 1888 536 1925 in
552 1900 648 1940 quas
660 1899 749 1926 ante
767 1888 906 1941 viginti
921 1889 1094 1942 quinque
1107 1901 1230 1928 annos
1244 1889 1311 1928 has
1322 1889 1563 1930 conieauras
1580 1889 1772 1944 inscripse-

496 1953 582 1980 ram
595 1972 606 1988 ‚
620 1954 866 1994 excerperem
882 1973 892 1987 ,
906 1954 951 1982 ut
961 1943 1120 1982 dubium
1137 1943 1282 1982 nullum
1299 1942 1489 1995 reliquum
1511 1942 1578 1991 fit,
1595 1957 1690 1985 vere
1709 1958 1771 1985 me
1826 1983 1827 1987 ,

497 1994 713 2035 conieciffe.
725 1996 901 2037 GRAEv.
916 1996 1087 2036 insolens
1101 1998 1306 2036 admodum
1323 1997 1416 2037 haec
1427 1996 1590 2050 phrasis,
1606 2011 1676 2039 nec
1687 1999 1770 2039 Lu·
1826 2039 1827 2043 ,

496 2050 598 2088 ciani
611 2062 765 2089 manum
787 2051 848 2090 hic
861 2050 1028 2104 agnosco
1040 2081 1053 2097 ‚
1067 2064 1192 2104 neque
1205 2051 1241 2089 in
1256 2051 1363 2091 bisin
1378 2050 1483 2090 Dial.
1498 2050 1602 2091 Prot.
1615 2053 1656 2092 &
1669 2052 1765 2093 Plur.
1826 2071 1829 2091 ε

496 2103 563 2143 seu
579 2108 620 2143 N.
635 2108 681 2148 Δ,
699 2118 763 2156 23,
782 2104 1011 2155 καθικόμενον
1031 2106 1066 2144 ἐν
1080 2105 1128 2153 τιῖ
1142 2105 1280 2158 ῥάβὲῳ.
1300 2105 1341 2144 ln
1364 2105 1405 2144 L.
1421 2106 1476 2145 uti
1499 2105 1538 2145 δι
1559 2107 1598 2144 in
1621 2106 1673 2147 G.
1696 2105 1770 2155 ἑνὶ,
1825 2112 1829 2135 ²

497 2158 606 2211 quod
625 2160 866 2198 commodius
879 2190 889 2204 ,
907 2159 966 2198 sed
982 2159 1155 2199 nondum
1177 2159 1272 2198 mihi
1283 2158 1427 2199 reelum
1443 2159 1606 2200 videtur.
1620 2159 1676 2199 M.
1688 2162 1772 2201 vul-

495 2223 628 2264 gatum
645 2211 677 2251 ἐν
692 2213 842 2252 retinet.
863 2213 1099 2266 Elephantos
1122 2225 1249 2253 autem
1263 2244 1274 2259 ‚
1297 2214 1475 2267 quamvis
1499 2214 1593 2254 haec
1611 2214 1766 2267 quidem
1829 2246 1830 2250 ,

497 2265 712 2305 Aristobuli
726 2264 895 2305 fabulosa
907 2277 988 2306 erat
1003 2269 1184 2314 narratio,
1200 2277 1322 2307 conto
1336 2267 1544 2308 transfixos
1554 2268 1705 2308 Romae
1717 2268 1770 2309 le-
1827 2271 1829 2316 j

496 2320 623 2370 gimus
643 2333 663 2359 a
679 2319 902 2360 Commodo
918 2320 1083 2374 aliisque.
1095 2322 1146 2360 V.
1163 2322 1248 2361 Ael.
1271 2322 1462 2375 Lamprid.
1476 2334 1559 2375 cap.
1574 2336 1587 2361 1
1598 2336 1618 2361 2
1633 2321 1675 2361 &
1687 2334 1768 2363 not.
1828 2370 1831 2376 ι

499 2372 664 2414 Casaub.
687 2374 810 2415 virium
830 2378 879 2413 ad
899 2376 1125 2426 conficiendas
1141 2375 1240 2427 feras
1261 2388 1434 2415 tantarum
1440 2374 1540 2427 ficit,
1559 2388 1600 2415 ut
1609 2376 1766 2429 elephan-

500 2438 569 2465 tum
592 2439 690 2468 conto
711 2430 934 2482 transfigeret.
954 2429 1113 2469 SOLAN.
1133 2429 1208 2469 Etfi
1228 2429 1460 2482 praepositio
1479 2429 1675 2469 abundans
1693 2444 1766 2482 pro
1827 2435 1831 2448 ¹

499 2480 670 2524 ablativo
685 2482 921 2525 instrumenti
941 2483 1043 2525 refle
1060 2483 1180 2524 adesse
1193 2483 1339 2538 potest,
1354 2495 1398 2523 ut
1412 2483 1584 2538 pluribus
1601 2484 1768 2539 probavi
1824 2487 1832 2507 ⁴*
