1768 3185
272 97 369 142 IN
435 95 1206 142 HERMOTIMUM.
1289 118 1372 175 375

110 180 203 222 illud
224 183 374 222 iuvabit
384 212 394 230 ‚
416 183 483 223 nist
510 184 547 222 in
571 183 646 224 hoc
669 185 781 223 etiam
803 182 991 235 opusculo
1013 184 1203 224 criterium
1225 182 1381 239 aliquo'd

110 238 312 288 temporis,
325 250 406 289 quo
426 236 608 289 scripturn
628 237 705 284 est,
721 239 962 286 inveniatur;
977 238 1091 291 quale
1110 240 1280 278 nondum
1296 255 1381 293 per-

110 287 253 341 spicere
269 291 394 330 valeo.
408 291 565 330 SOLAN.

165 345 240 382 ead.
254 345 277 382 l.
288 358 324 396 9.
341 343 521 384 Τοσαῦτα
531 344 630 398 γὰρ)
643 343 822 382 Τοσαῦτα
833 341 940 395 γοῦν,
956 338 983 383 ἕίἶ
993 343 1088 396 Ἑρμ.
1103 345 1294 385 MARCIL.

164 399 238 436 ead.
253 397 275 436 l.
291 411 306 436 1
318 411 348 449 ς.
365 393 475 437 Οὕτω
488 397 625 451 μάθῃς)
642 397 778 436 mem
791 397 977 449 Guyetus
990 400 1076 438 vult
1089 398 1178 452 legi,
1191 399 1287 438 bene
1301 401 1383 452 qui-

107 449 218 498 .dem;
237 449 298 490 sed
314 452 405 490 nihil
425 464 500 503 ego
521 452 558 490 in
575 452 729 504 vulgata
755 462 890 490 muto:
911 452 1017 497 vide,
1038 465 1139 505 quae
1153 454 1286 506 paucis
1305 454 1382 492 dixi

109 501 224 556 supra
238 505 284 544 ad
301 517 384 557 cap.
403 505 424 544 8
439 506 554 544 huius
567 504 668 544 Dial.
682 519 722 544 v.
738 503 908 554 soumis-22.
921 505 1067 546 Rmz.

163 558 253 611 Pag.
267 557 323 596 18.
336 560 425 607 l.14.
435 557 493 607 Τῷ
505 559 603 598 πότε
612 557 847 611 πιστεύσας)
868 560 1011 598 Cuitzam
1025 560 1228 610 habitafide.
1240 560 1381 602 BROD.

165 617 238 651 ead.
253 612 276 650 l.
294 625 353 662 15.
365 615 411 650 Tb
425 612 566 664 πρῶτον
579 612 646 666 σὺ)
661 612 756 651 Mihi
771 624 849 650 non
862 611 903 650 fit
921 613 1121 665 probabile
1132 643 1144 659 ,
1161 614 1383 667 castigatum

107 663 152 706 ,δι
166 665 380 718 diligentem
391 697 404 713 ,
424 665 451 704 si
467 667 551 718 quis
565 667 671 713 alius,
685 665 916 717 scriptorem*
928 667 987 705 bis
1003 666 1165 720 posuisse
1179 671 1220 705 τὸ
1237 667 1381 719 πρῶτον

111 718 180 766 σὺ,
199 732 241 758 ac
256 718 378 759 statim
402 720 531 770 παρεὶς
553 719 598 759 σὺ
618 722 692 759 τὰς
715 721 860 766 άλλως,
875 719 1005 772 itaque
1026 720 1251 760 alterutrum
1273 722 1319 760 σὺ
1340 723 1382 761 Ιί-

105 772 328 812 brariorum
347 773 560 813 liberalitati
583 773 712 813 deberi
728 773 910 821 arbitror,
930 773 1119 826 posterius
1140 774 1380 827 praesertim,

103 827 219 879 ,quod
235 827 394 880 proinde
409 827 676 866 omittendum.
691 826 820 866 GESN.

165 880 256 934 Pag.
275 895 334 934 19.
350 882 372 920 l.
388 896 422 934 3.
437 880 512 919 Τῶν
526 880 565 920 ‹5'
579 880 722 934 ἄλλων)
737 880 909 933 Intellige
921 879 1025 920 bsffiv.
1041 881 1184 921 BROD.

163 936 236 973 ead.
249 934 274 974 l.
290 949 322 986 5.
339 935 414 988 Δῖτ)
437 934 493 974 Ita
507 935 709 983 edidimus,
726 934 992 973 auctoritatem
1006 935 1077 974 Ms.
1093 936 1190 989 Reg.
1207 949 1304 988 3011
1321 936 1382 977 se-

105 988 215 1033 cuti,
235 1001 406 1041 quocum
421 988 563 1028 faciunt
573 989 654 1028 edd.
670 990 721 1027 H.
734 989 780 1027 B.
795 1004 831 1037 4.
844 989 882 1028 δι
895 992 933 1027 S.
951 989 1066 1042 Vulg.
1085 991 1182 1029 male
1193 989 1248 1030 se‘.

165 1044 238 1080 ead.
256 1043 280 1081 l.
296 1043 333 1082 6.
345 1042 459 1093 Ὓστὲς»
472 1042 558 1082 τοὺς
571 1042 753 1095 πολλοὺς)
769 1043 884 1095 Supra
900 1043 1036 1094 vulgus.
1053 1044 1194 1082 BROD.

164 1098 238 1136 ead.
253 1096 278 1136 l.
290 1095 326 1136 8.
340 1097 410 1135 Καὶ
423 1099 529 1135 κατὰ
538 1100 601 1137 τὶν
614 1095 671 1136 νῦν
684 1097 768 1149 ἐμὲ)
783 1096 876 1135 Etis
888 1108 985 1149 atque
999 1097 1183 1147 nuncsum.
1195 1098 1338 1138 BROD.

165 1152 238 1189 ead.
249 1151 272 1189 l.
289 1164 301 1188 ι
313 1150 551 1202 9..Ὕμετέρων
562 1149 762 1204 προγόνων)
776 1150 849 1190 Τῶν
858 1150 1035 1190 Στωϊκῶν
1049 1151 1230 1191 δηλονότι.
1240 1153 1383 1193 BROD.

110 1204 229 1257 Nostri
239 1205 379 1244 maiores
391 1216 516 1244 tamen
527 1203 730 1257 Obsopoei
744 1203 869 1244 versio
883 1205 919 1242 in
931 1205 988 1243 ed.
999 1204 1108 1244 Paris.
1121 1205 1297 1252 habebat,
1313 1206 1381 1246 etst

112 1255 291 1309 ὑμετέρων
302 1259 340 1297 in
354 1257 510 1298 Graeco
521 1269 708 1298 contextu
723 1259 941 1298 exhibebat.
958 1258 1000 1297 In
1019 1259 1212 1301 Benedie’t.
1231 1272 1357 1300 autem
1367 1291 1382 1307 ‚

112 1313 290 1365 vestrorum
304 1312 481 1352 maiorum.
493 1312 639 1351 REsz.

165 1367 242 1405 ead.
256 1366 278 1404 l.
297 1380 312 1404 1
325 1366 477 1417 ς.”Απες
487 1365 707 1418 στροῄρησειι)
729 1367 830 1416 Quae
844 1365 996 1419 delegisti.
1009 1365 1149 1404 BROD.

106 1457 111 1461 .
165 1423 239 1460 ead.
253 1420 274 1458 l.
290 1434 304 1458 1
313 1419 501 1471 6.“Ὠσστες)
512 1423 575 1459 τὸν
587 1418 845 1472 Χαιρεφῶντα)
861 1419 1032 1459 Consule
1045 1419 1243 1460 Platonem
1259 1421 1298 1460 in
1309 1421 1381 1461 So·

112 1474 226 1514 cratis
237 1473 410 1526 Apolog.
425 1473 564 1516 BROD.

107 1559 109 1562 .
166 1528 202 1566 in
214 1528 331 1566 Schol.
349 1528 410 1567 col.
430 1539 461 1566 ι.
474 1528 496 1566 l.
514 1526 638 1566 1.“O⁷1
654 1525 752 1579 Στ.)
771 1526 992 1565 Ridiculum
1012 1537 1149 1579 caput,
1168 1527 1234 1580 qui
1255 1540 1304 1567 ex
1324 1528 1382 1568 his

112 1581 270 1621 Luciani
280 1582 409 1621 verbis
422 1580 621 1621 Socratem
636 1581 808 1620 Stoicum
821 1580 928 1620 fuisse
942 1581 1097 1620 iudicet.

169 1636 260 1687 Pag.
278 1648 337 1674 20.
352 1637 376 1674 l.
390 1649 423 1674 2.
441 1635 674 1688 Προσειπὼν)
693 1634 752 1674 Sic
769 1635 876 1686 lego,
892 1647 972 1673 non
996 1645 1037 1674 ut
1056 1634 1093 1673 in
1112 1634 1293 1674 omnibus
1307 1664 1317 1681 ,
1338 1634 1382 1675 &

115 1688 154 1728 in
167 1688 249 1742 ipso
262 1689 317 1728 M.
333 1690 527 1741 προειπών.
542 1689 627 1741 Qui
639 1689 790 1729 Graece
803 1689 925 1727 sciunt
936 1718 950 1734 ‚
965 1689 1206 1741 probabunt,
1222 1688 1276 1727 sat
1290 1688 1383 1735 scio,

112 1744 417 1783 emendationem
435 1742 617 1783 nostram.
632 1742 791 1782 SOLAN.
805 1742 1122 1782 Emendationem
1138 1742 1270 1782 Solani
1286 1754 1381 1782 con—

113 1796 242 1836 firmat
255 1796 326 1836 Ms.
340 1798 521 1850 Reg.301
535 1810 565 1836 1.

168 1854 242 1890 ead.
260 1852 284 1889 l.
298 1865 331 1903 3.
346 1854 414 1889 Τὴν
425 1849 706 1904 ἁρμόττουσαν)
725 1849 818 1889 §Sim
836 1850 976 1888 BROD.

169 1905 260 1956 Pag.
275 1918 318 1944 21
328 1936 336 1944 .
347 1906 370 1943 l.
387 1919 446 1952 14.
459 1903 566 1943 Μόνος
580 1903 791 1950 βασιλεὺς)
812 1904 1052 1955 Adfitmmam
1062 1903 1222 1955 ,sizpiens
1236 1918 1304 1942 uno
1320 1904 1383 1942 mi·

116 1974 178 1997 nor
190 1962 231 2013 est
245 1960 328 1998 love
338 1988 352 2004 ‚
367 1959 460 1997 dives
470 1988 484 2004 ,
500 1959 610 2004 Liber,
625 1960 810 1998 honoratus
819 1987 833 2004 ,
849 1959 1001 2011 pulcher,
1021 1972 1079 1996 rex
1093 1959 1230 2010 denique
1254 1971 1379 2010 regum.

115 2013 214 2052 Hor.
237 2018 254 2064 (
269 2013 336 2065 Ep.
348 2012 364 2051 Ι
376 2043 389 2058 ,
406 2026 440 2059 1,
454 2012 561 2065 107.)
575 2013 740 2051 VORST.

170 2066 262 2118 Pag.
276 2081 336 2105 22.
350 2067 373 2105 l.
386 2081 420 2105 2.
436 2062 579 2118 Αὐτῶν)
591 2064 864 2118 Rescripfimus
875 2077 947 2116 pro
957 2064 1062 2116 vulg.
1073 2059 1213 2110 αὐτῶν,
1225 2064 1382 2103 iubente

118 2119 164 2160 cl.
178 2119 222 2160 B.
238 2120 284 2159 de
299 2119 391 2159 Ball.
405 2119 498 2158 Item
514 2133 550 2172 p.
567 2133 629 2172 30,
646 2119 672 2160 l.
686 2119 722 2158 8.
737 2116 855 2157 αὑτοῦ
868 2131 938 2170 pro
953 2114 1083 2156 αὐτού.

169 2177 244 2212 ead.
259 2174 281 2212 l.
295 2189 332 2221 4.
345 2172 388 2212 Οἱ
397 2173 466 2222 μὲν
480 2172 527 2212 sii
542 2172 752 2225 ἀντίδοξοι)
763 2171 912 2212 Omnes
927 2170 1067 2224 priscae
1078 2171 1158 2210 edd.
1172 2172 1223 2210 A.
1237 2186 1269 2210 1.
1280 2173 1310 2210 I.
1324 2172 1381 2211 H.
1391 2197 1410 2205 .-

117 2227 164 2266 B.
181 2241 215 2266 2.
231 2226 284 2266 Fl.
298 2227 339 2266 F.
353 2228 394 2266 Ρ.
407 2229 445 2267 8.
460 2239 558 2279 quas
568 2227 630 2267 hic
648 2227 771 2266 dedita
789 2238 910 2278 opera
926 2224 1122 2272 consului,
1137 2225 1229 2265 haec
1243 2225 1381 2281 itavha-

118 2283 227 2320 bent:
246 2280 366 2332 Οἱμὲν
376 2279 424 2320 s»)
440 2280 626 2332 ἀντίὲοξοι
641 2277 706 2320 οὖν.
720 2279 868 2331 ἔλεγον,
879 2275 926 2318 ὧς
936 2282 978 2318 7³0
992 2279 1102 2318 εἰκός·
1114 2273 1213 2317 οὗτοι
1228 2278 1272 2318 ἒὲ
1287 2276 1382 2319 ἦσαν

120 2334 152 2373 οἱ
165 2337 218 2372 τὰ.
232 2331 338 2374 ἄλλα
352 2333 650 2383 φιλοσοφοῦντες.
664 2334 790 2373 Immo
803 2335 841 2372 δι
855 2332 953 2373 Cod.
968 2333 1024 2371 M.
1040 2334 1170 2389 evadent
1183 2333 1386 2387 effhiberffi

110 2387 274 2430 -testatur
289 2387 471 2439 Somnus,
487 2389 554 2442 qui
565 2399 693 2429 tamen
709 2387 923 2442 posteriora
935 2387 1019 2433 ina,
1026 2386 1131 2480 ἐσς’-τοι
1148 2385 1192 2425 δὲ
1205 2389 1295 2427 iio-av
1307 2385 1337 2430 oi
1348 2400 1389 2425 τ,

1081 2453 1101 2480 a
1128 2455 1154 2490 4
