1768 3185
136 241 209 288 IN
230 239 576 312 QUOMODO
596 241 756 291 rus-T.
776 241 877 289 SIT
896 243 1158 292 consen.
1235 264 1320 312 53,

48 365 54 369 .
99 334 178 373 ead.
195 334 218 373 l.
235 332 293 373 1-6.
304 331 491 388 Ὅμοχρ.)
511 332 751 374 Muficorum
772 332 827 375 est
847 334 1083 375 vocabulum
1096 367 1108 384 ‚
1129 349 1218 376 cum
1241 351 1322 378 vox

47 386 91 427 δι
108 387 255 428 cithara
267 386 356 426 suos
377 400 556 441 quaeque
576 399 693 431 tonos
715 389 910 431 servantes
929 400 1163 430 concentum
1184 392 1325 438 edunt,

46 454 165 494 quem
178 453 253 494 pro
266 441 392 481 lubitu
414 443 554 482 modos
566 441 707 482 faciens
726 443 785 483 edi
805 443 956 491 voluit3
972 444 1077 495 quod
1092 443 1159 494 fit,
1173 445 1262 484 dum
1280 459 1324 485 u-

46 495 202 549 trinque
220 505 373 548 tempus
392 494 528 536 sedulo
540 507 638 536 tono
651 498 795 551 cuique
808 496 1027 550 affignatur,
1042 499 1147 551 quod
1161 511 1183 536 a
1204 498 1325 537 ‹sesa-

48 548 184 599 σκέιλῳ
199 549 428 602 imperatum
442 549 514 598 est,
537 562 603 589 aut
620 551 766 597 breve,
776 561 845 590 aut
866 552 1052 604 longum,
1071 563 1138 592 aut
1150 551 1326 594 divisum.

50 602 221 657 Usurpat
233 604 376 643 iterum
387 603 526 644 Noster
541 603 781 644 Muficorum
798 604 992 645 sensuEa'n.
1007 619 1039 645 c.
1061 620 1119 655 r4.
1139 606 1296 646 somn.
1318 611 1330 629 ¹

106 657 198 711 Pag.
217 669 306 698 210.
320 658 344 696 l.
361 672 393 710 ς.
405 660 452 696 Tb
463 658 622 711 κέντρον)
637 658 694 697 Ita
708 661 778 699 W.
793 659 834 699 δι
844 659 882 698 Ρ.
895 671 976 699 non
989 671 1032 698 ut
1047 661 1088 699 in
1100 660 1254 713 reliquis
1270 660 1326 700 est

49 710 112 761 τῷ
126 713 271 761 κέντρῳ.
285 711 443 764 Aliquid
466 711 592 751 forsan
607 713 669 752 hic
682 712 826 759 subest,
840 714 946 766 quod
961 714 1055 766 quia
1072 715 1326 768 antiquorum

50 763 300 818 speculorum
316 766 414 805 ratio
433 778 514 805 non
527 765 614 806 satis
631 777 724 806 nota
742 766 816 816 est,
836 767 1056 807 industriam
1080 768 1326 808 curiosorum

50 819 258 859 hominum
272 818 381 872 fugit.
396 820 486 860 Hoc
501 832 603 860 certe
617 819 710 868 scio,
727 821 923 860 neminem,
933 834 1072 874 capere
1085 822 1206 876 poffe‚
1218 824 1326 877 quod

49 873 200 926 priores
212 874 439 927 interpretes
451 874 510 914 hic
523 874 675 914 habent.
689 875 773 927 Ego
784 874 815 913 Γι-
824 873 970 914 sensum
982 876 1142 916 Luciani
1153 890 1232 916 non
1243 877 1326 917 sum

51 925 266 975 affecutus,
287 938 392 968 certe
409 927 549 981 aliquid
568 928 695 968 videar
715 927 870 977 dixiffe3
892 929 946 968 illi
966 930 1068 969 nihil.
1084 931 1243 971 Sor-AN.
1261 933 1327 971 An

52 994 105 1022 eo
121 993 297 1034 tempore
320 983 494 1022 rotundis
509 982 631 1035 vulgo
648 982 812 1036 specuiis
829 983 951 1036 vulgo
968 985 1188 1032 utebantur,
1207 984 1327 1038 iisque

52 1035 120 1076 ,vel
134 1036 325 1076 convexis
346 1036 582 1089 aliquantum
595 1066 606 1084 ‚
622 1037 684 1076 vel
699 1037 905 1084 concavis,
919 1038 957 1076 in
977 1039 1116 1092 quibus
1134 1041 1238 1079 centri
1257 1041 1329 1079 ali-

53 1102 134 1143 qua
147 1090 247 1129 ratio
264 1089 458 1130 habenda?
476 1090 643 1131 Suadent
658 1090 752 1130 illud
771 1101 857 1130 tum
880 1092 975 1139 alia,
996 1104 1077 1132 tum
1094 1093 1186 1133 illud
1199 1123 1209 1140 ‚
1222 1093 1329 1148 quod

54 1143 297 1197 Noviomagi
313 1145 355 1183 in
368 1143 544 1197 sepulcro
557 1157 753 1197 repertum
763 1175 774 1193 ‚
790 1146 928 1199 dequo
945 1159 994 1186 ex
1011 1147 1066 1186 Io.
1080 1147 1212 1186 Smithi
1223 1177 1235 1195 ‚
1254 1149 1278 1188 i.
1294 1161 1329 1188 εκ

55 1198 204 1246 Smetii,
218 1211 240 1238 e
269 1198 430 1238 istola-in
441 1199 618 1239 Fortunii
631 1199 751 1239 Liceti
763 1212 866 1252 opus
880 1200 926 1240 de
938 1200 1172 1249 Lucernis&
1185 1216 1250 1255 92,
1266 1214 1328 1241 re-

54 1251 133 1295 lata
142 1282 160 1300 ‚
169 1212 265 1307 ipsilp
282 1265 330 1292 ue
341 1253 439 1294 adeo
454 1252 696 1293 Smetiorum
707 1254 993 1307 antiquitatibus
1006 1255 1332 1308 Noviomagenfi-

57 1305 132 1346 bus
179 1337 189 1347 .
212 1321 227 1346 1
241 1321 255 1346 1
298 1337 311 1353 ,
325 1307 501 1347 constare
514 1306 650 1360 potest.
664 1308 754 1348 Hoc
772 1318 902 1347 tamen
916 1321 996 1348 non
1015 1322 1065 1348 eo
1083 1311 1246 1361 pertinet
1257 1340 1270 1356 ‚
1286 1322 1330 1349 ut

53 1360 133 1400 alia
161 1361 300 1413 penula
310 1361 504 1414 incognita
516 1372 597 1401 tum
613 1360 722 1401 fuisse
735 1362 931 1408 dicamus,
944 1364 1050 1415 quod
1065 1363 1173 1403 facile
1186 1363 1331 1403 refuta-

56 1425 121 1454 tur
139 1427 190 1455 ex
204 1415 348 1456 Seneca
366 1416 457 1456 Nat.
477 1415 670 1468 quaestJ,
691 1430 750 1466 17,
764 1416 890 1456 Sexto>
905 1417 1047 1470 Empir.
1063 1417 1201 1468 Pyrrh.
1218 1420 1328 1472 Hyp.

64 1481 102 1518 1,
115 1469 166 1518 48
178 1499 189 1516 ‚
205 1483 242 1523 p.
260 1483 304 1522 15
320 1501 332 1517 ‚
346 1469 457 1510 Fabr.
470 1469 640 1523 aliisque.
657 1469 786 1510 GESN.
799 1470 877 1510 Etfi
891 1482 1067 1510 veterum
1084 1472 1234 1523 specula
1248 1472 1331 1511 fue-

59 1523 138 1562 rint
153 1523 379 1577 plerumque
395 1525 562 1564 rotunda
572 1554 584 1569 ‚
599 1524 694 1563 nihil
713 1536 1077 1565 tamenaccuratum
1091 1537 1265 1565 centrum
1280 1525 1334 1565 fa-

61 1577 115 1616 cit
129 1577 177 1617 ad
194 1578 380 1630 imagines
392 1579 486 1617 tales
505 1578 735 1624 reddendas,
753 1578 886 1631 quales
904 1591 1105 1629 accepere:
1129 1592 1215 1618 nam
1231 1593 1332 1632 quae

59 1630 138 1671 hoc
152 1630 342 1685 praestant
356 1631 508 1685 specula
521 1662 532 1678 ,
546 1645 594 1672 ea
607 1644 756 1672 tantum
771 1643 928 1684 oportet
948 1633 1023 1672 effe
1043 1634 1151 1685 plana
1173 1633 1333 1686 superfi-

60 1685 133 1734 cie,
149 1686 320 1738 nihilque
333 1696 415 1726 tum
432 1685 561 1732 refert,
581 1685 703 1727 sintne
716 1687 896 1735 rotunda«,
910 1699 1040 1726 necne·
1059 1687 1099 1726 ln
1114 1688 1258 1739 quibus
1269 1701 1332 1729 au-

63 1750 143 1778 tem
157 1738 322 1793 speculis
331 1751 507 1780 centrum
520 1751 748 1781 accuratum
757 1740 891 1781 locum
905 1740 1033 1788 habet,
1047 1753 1094 1781 ea
1107 1740 1195 1781 sunt
1207 1741 1227 1780 s
1223 1755 1334 1795 uper-

63 1792 169 1833 ficiei
184 1806 410 1844 convexae,
422 1806 488 1834 aut
502 1807 701 1835 concavae
712 1823 723 1840 ,
739 1807 907 1847 quorum
921 1795 1222 1846 priorafreddunt
1238 1797 1333 1834 ima-

62 1849 172 1900 gines
185 1848 377 1897 minores,
393 1848 606 1902 posteriora
618 1849 808 1894 maiores,
826 1849 947 1888 immo
968 1848 1138 1889 inversas
1152 1880 1162 1895 ‚
1180 1849 1207 1887 fi
1230 1850 1335 1888 obie-

64 1901 171 1942 &um
187 1902 232 1941 ad
243 1911 386 1942 certam
401 1902 614 1942 distantiam
629 1903 897 1947 admoveatur,
907 1902 1143 1954 quodhodie
1165 1901 1251 1942 satis
1264 1916 1336 1942 no-

66 1966 164 1995 tum.
183 1955 221 1996 Si
235 1955 352 2008 igitur
369 1956 552 1996 eiusmodi
575 1955 724 2009 specula
740 1956 903 1996 caustica
924 1956 1105 2009 inteiligat
1120 1957 1312 1996 Lucianus
1325 1988 1338 2004 ‚

66 2009 196 2064 (quod
209 2022 288 2050 non
301 2010 473 2063 videtur)
485 2023 537 2050 ea·
544 2011 589 2050 ad
601 2011 820 2050 ordinarios
833 2009 923 2050 usus
933 2009 1012 2049 fere
1027 2009 1109 2050 sunt
1122 2011 1261 2063 inepta.
1271 2011 1336 2049 An

64 2064 188 2118 ,igitur
207 2076 277 2117 per
292 2064 548 2117 ignorantiam
572 2064 879 2104 mathematicam
901 2065 1041 2116 κέντρον
1062 2065 1179 2104 dixit?
1200 2078 1246 2104 an
1269 2078 1336 2116 per

65 2120 211 2170 κέντρον
224 2118 449 2171 generaliter
463 2129 614 2158 tantum
637 2117 788 2172 opificis
810 2118 995 2170 ἀκρίβειαν
1016 2118 1218 2166 intellexit,
1234 2129 1277 2157 ut
1291 2122 1340 2157 ad

69 2173 222 2225 amuffim
233 2201 245 2219 ,
259 2175 309 2211 ad
323 2188 473 2212 normam
485 2203 496 2220 ,
517 2173 698 2221 dicimus,
714 2185 786 2225 pro
807 2184 986 2212 accurate
997 2202 1008 2217 ‚
1028 2172 1053 2212 i.
1069 2186 1103 2211 e.
1126 2186 1198 2224 pro
1213 2171 1337 2225 affabra

66 2225 165 2278 fhela
174 2227 317 2279 planitie
328 2258 340 2276 ‚
354 2240 455 2279 quae
468 2237 693 2278 opponatur
710 2228 747 2265 di
772 2229 893 2265 ortae?
909 2226 1062 2266 Interim
1076 2225 1341 2278 specula-cau-

70 2279 167 2320 stica
184 2281 380 2320 veteribus
396 2293 475 2320 non
495 2279 604 2320 fuiffe
625 2281 759 2333 ignota
773 2280 951 2320 arbitror.
968 2279 1044 2320 Etsi
1058 2281 1160 2319 enim
1176 2292 1277 2332 quae
1292 2280 1338 2319 de

73 2334 316 2375 Archimedis
328 2334 654 2387 spec.ulis,quibus
667 2334 831 2374 hostium
845 2346 965 2373 naves
975 2335 1012 2373 in
1025 2334 1143 2373 Obsld.
1157 2332 1341 2385 Syracus.

72 2388 301 2436 incenderit,
315 2400 531 2434 narrantur,
545 2401 617 2441 pro
631 2387 761 2428 fabula
777 2389 914 2427 merito
927 2388 1115 2427 habentur
1126 2403 1138 2435 ·,
1151 2387 1270 2440 ipsum
1288 2398 1342 2426 ta-

77 2454 167 2482 men
183 2453 447 2483 commentum
462 2442 546 2481 satis
565 2441 756 2481 vetustum
769 2442 909 2494 prodit,
921 2455 1000 2481 rem
1013 2455 1093 2480 non
1109 2442 1344 2494 incognitam

76 2494 199 2536 fuiffe.
215 2496 330 2548 Quin
347 2496 388 2536 &
408 2496 603 2548 Aristoph.
619 2496 717 2536 Neb.
731 2495 889 2547 764-8
902 2525 913 2541 ‚
928 2496 974 2535 de
990 2496 1109 2548 lapide
1122 2494 1316 2548 splendido
1331 2525 1341 2541 ‚

77 2548 160 2591 sive
170 2549 376 2602 crystallo,
394 2551 483 2604 (vel
498 2550 628 2603 vitro)
643 2563 724 2603 quo
745 2551 880 2604 aliptae
902 2551 1028 2644 ignerp
1043 2562 1093 2642 px
1113 2550 1190 2589 sole
1210 2561 1348 2590 accen-

1084 2620 1108 2646 Δ.
