1841 3180
477 197 565 247 510
670 179 1543 228 ANNOTATioNES

468 273 538 326 qui
554 284 627 325 pro
638 284 684 311 ea
696 269 1007 325 γαστροκνημίαν
1023 268 1164 308 dicunt.
1180 269 1334 308 Nomen
1349 269 1403 310 est
1418 270 1547 323 itaque
1564 270 1642 311 loci
1653 282 1763 325 proe-

469 329 612 378 prium.
626 326 697 366 Sed
711 325 866 364 ubinam
879 324 1049 375 gentium
1064 321 1154 362 snus
1168 322 1212 361 stt
1225 323 1285 362 ille
1298 323 1421 370 locus,
1435 325 1535 364 haud
1549 326 1601 364 ita
1612 339 1742 378 prom-

473 393 557 420 tum
573 379 625 419 est
644 378 811 419 definire.
833 377 1012 416 Meminit
1026 375 1121 417 Plut.
1137 376 1265 429 oppidi
1286 377 1429 429 Lyciae
1449 378 1561 418 huius
1579 380 1757 419 nominis?

477 449 492 473 1
503 435 592 488 796.
602 463 611 473 .
625 433 751 478 ,Vide‚
767 444 812 470 an
828 431 954 470 locum
972 431 1032 469 hic
1048 431 1185 470 habere
1199 429 1320 483 possit.
1338 430 1530 478 Putaram,
1545 432 1674 474 viliam
1689 433 1743 472 es-

471 487 510 528 se
532 500 600 527 aut
614 499 753 539 pagum
768 498 888 538 prope
901 483 1156 532 Corinthum,
1169 496 1234 524 aut
1246 485 1285 523 in
1299 483 1376 538 ipsa
1389 498 1409 524 a
1424 485 1568 526 Cranio
1587 487 1632 526 ad
1645 487 1757 529 Ler-,

475 555 562 582 nam
577 542 659 579 via:
677 540 737 579 sed
754 551 855 578 nunc
868 537 1067 577 venustius
1081 539 1247 584 videtur,
1261 537 1390 578 locum
1404 539 1477 578 efl'e
1487 569 1502 586 ‚
1517 540 1554 578 in
1566 553 1648 593 quo
1660 554 1761 593 pet--

477 595 609 635 frifiae
622 593 757 633 frontis
773 593 916 632 nebulo
929 591 1116 644 scripserit
1132 591 1167 631 se
1183 593 1220 630 in
1234 591 1324 631 Asia
1338 593 1594 632 vulneratum.
1610 593 1759 647 Quae..

475 660 560 688 rant
571 679 583 696 ‚
599 648 626 686 st
640 647 767 696 lubet,
783 647 855 685 viri
867 646 988 685 docii:
1008 645 1068 685 sed
1080 646 1229 685 interim
1247 644 1438 685 afferenda
1452 645 1527 686 fuit
1542 647 1722 700 scriptura
1733 675 1746 696 ‚

473 703 598 741 donec
615 713 682 741 aut
695 715 741 741 ex
758 700 912 739 historia
932 710 1081 752 pateat,
1103 709 1317 753 pugnatum
1339 699 1413 740 effe
1431 713 1480 740 eo
1493 700 1594 740 beno
1615 712 1681 742 aut
1701 703 1745 742 in

476 756 600 807 Lycia
612 786 623 802 ‚
636 766 700 794 aut
717 755 754 793 in
775 755 906 808 aliquo
929 753 1003 793 alio
1022 753 1113 793 loco
1127 783 1138 798 ,
1153 766 1202 793 ex
1214 754 1323 793 cuius
1342 755 1499 795 nomine
1518 755 1594 795 hoc
1610 768 1747 797 corru-

478 822 587 862 ptum
599 808 656 855 sit,
674 808 765 860 Susa
778 821 915 860 nempe
929 806 993 860 (de
1005 821 1081 860 qua
1093 804 1186 860 Εὐχ.
1202 819 1239 847 c.
1254 822 1316 860 33,
1328 807 1368 847 δι
1382 812 1517 849 Φιλοπ.
1529 821 1563 849 c.
1578 809 1658 864 28.)
1672 809 1746 850 Sed

478 875 561 903 tum
580 863 813 903 scribendum
828 863 902 902 erit
924 860 1073 910 Σοῦσα,
1099 874 1179 901 non
1199 862 1360 910 Σουσαν,
1376 873 1553 902 neutrum
1569 862 1624 902 est
1641 865 1747 904 enim

479 917 623 970 plurale
634 931 646 965 ;
661 928 727 956 aut
743 916 860 956 simile
872 917 983 968 quid:
998 926 1063 954 aut
1075 916 1177 968 apud
1188 915 1421 955 Corinthum
1431 946 1446 962 ‚
1459 927 1502 956 ut
1519 918 1713 970 Cyllar.-bis
1724 930 1748 956 a

479 971 677 1016 Graevio‚
689 972 738 1009 ita
750 974 842 1010 Sura
856 970 978 1022 aliqua
992 982 1013 1008 a
1029 969 1115 1009 viro
1134 969 1263 1021 aliquo
1280 970 1396 1009 docio
1415 970 1624 1024 detegatur.
1636 972 1750 1013 Con·

479 1025 558 1065 sule
573 1024 720 1064 Kuhnii
733 1035 812 1063 not.
827 1024 872 1063 ad
885 1023 1086 1063 Pausaniae
1099 1023 1276 1063 Corinth.
1293 1037 1330 1076 p.
1350 1036 1388 1062 11
1401 1038 1433 1076 5.
1445 1023 1605 1065 SOLAN.

536 1080 616 1118 ibid.
629 1077 813 1130 Κρανείου)
826 1077 940 1117 Conf.
953 1090 1025 1116 nos
1038 1076 1147 1130 supra
1158 1078 1232 1116 hoc
1242 1076 1343 1116 Dial.
1356 1090 1388 1117 c.
1401 1091 1436 1131 3.
1448 1077 1496 1117 Et
1507 1078 1611 1119 Dial.
1623 1079 1749 1120 Mort.

482 1132 520 1180 Ι,
541 1146 572 1178 1,
590 1132 658 1172 ubi
672 1132 752 1172 edd.
768 1133 880 1171 etiam
896 1132 1057 1182 Κράνειον
1071 1131 1272 1171 habebant.
1288 1131 1429 1170 Rllez.

539 1190 612 1225 ead.
628 1187 652 1225 l.
671 1201 729 1240 13.
744 1185 894 1237 Λέρναν)
908 1184 1012 1225 Fons
1029 1184 1081 1224 est
1098 1198 1220 1238 prope
1232 1184 1477 1225 Corinthum.
1487 1185 1747 1227 Vid.1>ausan.

487 1240 664 1280 Corinth.
680 1255 716 1293 p.
730 1240 796 1288 48,
811 1253 867 1278 10.
882 1239 971 1278 Alia
979 1241 1090 1278 Lerna
1102 1239 1168 1288 est,
1183 1240 1295 1279 cuius
1306 1240 1477 1278 meminit
1491 1239 1584 1280 itus.
1595 1241 1675 1290 V1;
1686 1253 1754 1295 pa·

485 1295 544 1335 lus
558 1294 692 1334 scilicet
707 1307 784 1332 non
798 1294 966 1346 procula
979 1294 1071 1332 mari
1085 1294 1122 1332 in
1134 1306 1202 1333 ora
1217 1294 1413 1345 Argolica.
1426 1293 1584 1334 SOLAN.

541 1351 614 1387 ead.
628 1349 652 1387 l.
667 1362 724 1397 14.
740 1349 851 1386 Κατὰ
863 1346 1017 1399 τοίχου)
1030 1347 1113 1387 Cic.
1128 1348 1174 1386 de
1187 1347 1267 1386 Fin.
1284 1348 1348 1386 ult.
1365 1347 1451 1399 Qui
1464 1360 1662 1400 nunquam
1673 1348 1754 1401 phi-

484 1402 688 1455 losophum
700 1433 711 1450 ,
727 1412 770 1441 ut
785 1402 936 1449 dicitur,
949 1401 1089 1454 picium
1104 1402 1295 1441 viderunt.
1306 1401 1427 1441 Plaut.
1445 1400 1552 1441 Asin.
1569 1403 1669 1442 Nam
1685 1414 1753 1442 ne·

488 1470 565 1509 que
581 1469 751 1509 unquam
767 1454 897 1495 ficium
909 1485 921 1503 ‚
936 1467 1001 1495 aut
1015 1454 1156 1507 picium
1168 1484 1180 1504 ‚
1197 1467 1324 1509 neque
1336 1455 1519 1509 scriptum
1534 1456 1573 1496 in
1587 1459 1755 1510 ‘poema-

489 1512 537 1549 tis
550 1540 559 1556 ,
577 1511 641 1550 ubi
654 1511 739 1550 lena
753 1511 848 1550 bene
861 1520 958 1561 agat.
976 1509 1135 1549 SOLAN.
1758 1550 1760 1555 ,

545 1567 616 1603 ead.
643 1567 666 1603 l.
690 1565 747 1604 16.
761 1563 905 1615 Ταξεων
925 1565 943 1604 55
966 1562 1296 1617 καταλοχισμῶν)
1320 1562 1468 1616 Ταξεων
1490 1562 1509 1605 ii
1532 1571 1756 1618 καταλογιᾰ

490 1618 608 1670 σμῶν.
624 1619 812 1658 MARCIL.
1754 1649 1756 1651 .

548 1673 638 1725 Pag.
654 1687 667 1710 1
677 1674 771 1724 941.
785 1670 980 1722 ι.”Εμελεν
992 1668 1123 1725 αὐτῷ)
1141 1671 1204 1711 Sic
1219 1683 1354 1711 omnes
1367 1671 1530 1726 impreffi
1543 1673 1584 1712 δι
1599 1670 1656 1713 Μ.
1672 1671 1756 1712 Co·

498 1727 584 1766 dex.
599 1727 631 1765 N
638 1725 677 1764 isi
691 1727 796 1779 quod
809 1725 867 1765 ed.
887 1726 916 1765 I.
930 1724 1084 1777 ἔμελλεν
1106 1726 1272 1779 praefert
1279 1739 1292 1773 ;
1305 1726 1404 1765 unde
1418 1728 1608 1774 conficio,
1622 1726 1759 1767 Lucia-

495 1793 588 1819 num
604 1779 779 1833 scripsiffe
794 1778 949 1826 ἔμελλεν
962 1774 1080 1826 οὗτος,
1092 1791 1136 1819 ut
1149 1780 1259 1833 supra
1272 1781 1307 1819 in
1322 1780 1397 1820 hoc
1409 1779 1491 1832 ipso
1502 1781 1631 1820 libello
1642 1793 1676 1820 c.
1694 1795 1708 1819 1
1717 1795 1755 1827 2,

496 1835 559 1873 καὶ
575 1832 710 1884 ἔμελλέ
719 1849 769 1887 ’γε
787 1830 901 1874 οὕτως
919 1833 1230 1887 ἁγαναιιτὴο-εινὸ
1245 1833 1500 1886 Ἀλέξανδρος,
1516 1835 1558 1876 &
1573 1835 1661 1874 alibi
1672 1833 1758 1874 sae-

495 1889 590 1941 pius.
611 1887 770 1927 SOLAN.

551 1942 630 1980 ibid.
645 1941 826 1994 Πλαγίοιν
837 1964 882 1972 -
893 1941 1117 1996 φάλαγγα)
1132 1941 1194 1982 Sic
1204 1942 1526 1994 interpretandum
1539 1940 1664 1990 fuiffe‚
1679 1951 1722 1982 ut
1734 1955 1758 1982 a

496 1996 608 2035 nobis
621 1995 762 2035 factum
778 1996 830 2036 est
841 2026 851 2043 ,
868 2008 973 2049 patet
984 2009 1031 2035 ex
1047 1996 1214 2036 Arriano
1230 2011 1266 2049 p.
1284 1996 1328 2034 18
1344 1996 1474 2036 Blanc.
1491 1999 1536 2034 Tb
1549 1996 1616 2047 μὲν
1627 1996 1677 2036 81¹1
1690 2011 1758 2036 κα-

500 2051 717 2103 ταλοχίσαι
732 2050 846 2097 ἐστὶν,
861 2051 911 2090 εἰς
930 2051 1069 2103 λόχους
1082 2050 1289 2101 συντάξαι,
1305 2049 1320 2087 ὁ
1337 2050 1381 2090 Σὲ
1392 2051 1513 2103 λόχος
1531 2050 1757 2102 ὀνομάζεται

500 2102 648 2154 ἀριθμὸς
659 2102 798 2156 ἀνδρῶν
811 2106 888 2144 ἀντὶ
899 2104 965 2143 τοῦ
977 2103 1175 2157 ἡγουμένου
1189 2104 1253 2142 καὶ
1264 2103 1332 2143 τῶν
1339 2107 1444 2154 μετὰ
1454 2102 1581 2144 τοῦτον
1593 2105 1759 2144 κατόπιν

497 2159 742 2210 τεταγμένων
754 2180 798 2188 -
813 2159 961 2210 ἀριθμὸν
976 2158 1020 2198 δὲ
1032 2158 1098 2197 τοῦ
1113 2159 1232 2211 λόχου
1246 2157 1276 2197 οἱ
1289 2158 1356 2208 μὲν
1375 2158 1472 2198 ὀκτὼ
1491 2157 1628 2211 ἀνὸρᾶν
1641 2158 1759 2198 ἐποίη-

500 2226 573 2250 σαν
594 2234 638 2240 -
659 2211 690 2250 οἱ
711 2210 757 2251 Σὲ
781 2211 843 2251 καὶ
863 2210 1080 2252 ἑκκαίδεκα.
1100 2213 1242 2252 Eodem
1266 2214 1378 2252 etiam
1397 2212 1536 2252 tassico
1551 2213 1758 2265 interprete

501 2264 672 2304 faciliora
685 2276 812 2314 erunt,
821 2280 920 2318 quae
933 2266 1156 2320 sequuntur.
1169 2267 1318 2320 Nempe
1331 2267 1382 2306 ita
1392 2266 1580 2306 Arrianus
1589 2278 1673 2320 pag.
1684 2267 1733 2320 63
1748 2283 1757 2307 :

503 2322 669 2372 Πλαγιόι
680 2319 747 2369 μὲν
761 2320 935 2373 φάλαγξ
949 2321 1046 2360 ἐστὶν
1067 2319 1085 2361 ἦ
1104 2324 1148 2360 τὸ
1165 2320 1282 2371 μῆκος
1297 2318 1364 2360 τοῦ
1376 2319 1506 2366 βάθους
1519 2321 1760 2360 πολλαπλά-

506 2388 582 2412 σιον
597 2388 761 2426 εχουσα·
773 2375 867 2425 ὄρθια
880 2373 924 2413 δὲ
946 2374 1034 2413 ὅταν
1048 2374 1111 2414 ἐπὶ
1133 2380 1242 2427 κέρας
1256 2373 1475 2427 πορεύηται,
1489 2369 1585 2412 οὕτω
1599 2373 1637 2414 ‹P’
1648 2368 1702 2413 αὖ
1715 2376 1759 2413 ’τὶ

503 2425 610 2471 βάθος
623 2425 690 2466 τοῦ
699 2426 839 2479 μήκους
853 2431 1134 2468 πολλαπλάσιον
1147 2430 1381 2481 παρέχεται.
1397 2429 1544 2481 Obliqua
1559 2427 1638 2467 five
1651 2428 1760 2480 transt

504 2480 601 2531 vegfa
617 2494 737 2534 porro
750 2482 838 2522 acies
849 2480 930 2524 five
942 2497 1060 2536 agmen
1071 2482 1124 2522 est
1133 2513 1143 2530 ‚
1160 2496 1247 2523 cum
1262 2484 1296 2521 in
1302 2481 1450 2533 frontem
1463 2483 1652 2522 ducuntur
1664 2481 1761 2528 milit
