1841 3180
494 234 586 282 ςφ
686 210 1576 262 ANNOTATIONES

492 314 674 342 meretur.
694 302 818 341 Verte
829 331 841 347 ,
861 298 1047 350 tortuosam
1062 299 1424 350 argumentationibus.
1439 298 1484 338 In
1500 299 1632 340 eadem
1649 295 1780 355 perio:

488 357 544 397 do
557 355 697 408 κομιέἳῖ
711 356 949 409 τεθηγμένος,
965 365 1045 392 non
1058 352 1114 392 est
1127 354 1311 392 admodum
1322 355 1557 401 acuminatus,
1569 365 1612 394 ut
1624 355 1782 410 ineptia·

489 411 586 450 sime
600 413 784 463 interpres
796 441 806 456 ‚
818 408 879 448 ied
896 408 997 446 valde
1011 407 1220 453 concitatus,
1233 418 1276 446 ut
1293 405 1414 447 solent
1425 418 1604 448 oratores
1614 408 1700 449 effe.
1717 410 1780 450 Ex

491 465 760 505 Alcidamante
774 462 890 503 refert
905 460 1063 501 Aristot.
1081 475 1096 499 1
1108 475 1123 499 ι
1135 475 1149 500 ι
1167 460 1281 501 Rliet.
1297 475 1330 502 c.
1350 475 1388 514 3,
1410 462 1510 501 inter
1527 461 1661 516 frigida
1681 463 1782 504 dieta

498 519 655 569 ιἰκρέιτῳ
669 517 718 558 τίῐ
720 533 735 557 ς
752 517 916 556 ὃιανοίας
931 514 1021 568 ὀργῆ
1033 514 1274 567 τεθηγμένον,
1289 531 1378 555 mera
1392 516 1501 554 animi
1518 517 1783 559 imincitatum.

497 574 638 625 Frigus
653 571 707 612 est
723 573 761 611 in
777 571 928 622 ἀκράτῳ
946 567 1050 623 ὀργῇ.
1067 569 1151 610 Nec
1173 569 1367 623 sequentia
1388 570 1509 609 verba
1522 583 1707 624 ceperunt
1721 572 1783 612 in-

496 639 697 680 terpretes,
715 625 779 665 noti
790 624 811 663 ὁ
831 624 898 675 μὲν
914 622 989 664 νοῦς
1005 623 1215 677 σύστοιχος
1230 624 1344 670 ἔστω,
1358 624 1423 663 καὶ
1439 627 1591 674 πυκνδς,
1603 638 1699 665 cum
1718 625 1785 666 issa

500 691 659 721 vertunt
673 710 684 727 ‚
694 680 881 732 st’mentt'ae
896 689 1008 717 autem
1019 678 1107 717 inter
1109 678 1150 730 se
1161 678 1386 725 cohaereant,
1396 694 1438 717 ac
1451 678 1587 730 solidae
1590 682 1666 732 fiat
1672 710 1685 727 ,
1699 693 1785 734 per-

495 748 614 789 quam
629 733 810 774 absurde.
827 733 931 773 Cum
946 731 989 771 fit
1002 763 1014 779 ,
1025 732 1278 784 sensusfitfibi
1299 733 1478 784 consonus,
1498 733 1605 784 (hoc
1625 733 1785 788 est,qui

497 790 565 829 fibi
580 788 648 842 ipsi
661 801 743 827 non
758 798 947 840 repugnet
958 786 976 840 )
986 787 1071 839 &fa
1095 787 1181 835 iens,
1196 786 1272 826 hoc
1285 785 1343 826 est
1353 816 1368 833 ,
1381 787 1489 828 varia
1509 800 1639 829 rerum
1652 788 1786 842 cogni·

501 844 611 884 tione
623 841 836 882 &scientia
850 841 958 881 velut
971 841 1045 880 den
1060 854 1121 880 us.
1136 840 1310 881 GRAEV.

554 900 629 937 ead.
644 897 668 935 l.
678 910 744 936 io.
754 894 833 935 Τοῖς
848 896 882 935 ἐν
894 894 1061 949 πόλεσι)
1074 893 1140 935 Sic
1159 894 1249 949 legit
1264 895 1471 948 interpres:
1492 895 1600 936 aliter
1614 895 1731 950 longe
1743 896 1788 937 in

503 952 606 992 Cod.
615 949 913 991 PetriGolmani
926 949 960 989 ἐν
972 950 1076 989 ποσί.
1091 950 1266 989 Eoum).
1278 949 1372 989 Ποσὶ
1386 948 1671 991 Mff.—G01m.&
1682 951 1726 991 L.
1737 960 1789 991 ut

502 1011 615 1059 Nryp.
633 1019 666 1045 c.
682 1019 730 1053 4,
742 1003 785 1043 δι
805 1008 844 1044 Ζ.
856 1018 911 1057 τρ.
925 1016 1008 1057 cap.
1027 1018 1069 1057 31
1089 1003 1131 1042 &
1145 1018 1208 1056 43.
1234 1003 1279 1043 In
1292 1003 1357 1044 reli
1388 1004 1446 1044 uis
1459 1005 1606 1045 πόλεσι.
1622 1004 1788 1046 SOLAN.

502 1061 598 1101 Non
620 1058 707 1099 sunt
728 1058 824 1098 haec
844 1057 921 1111 ipsa
935 1058 1180 1110 Thucydidis
1201 1057 1344 1098 verba:
1376 1059 1421 1098 ed
1443 1059 1541 1098 hanc
1562 1057 1790 1099 sententiam

502 1128 552 1155 ex
569 1113 750 1168 perplexa
764 1113 866 1152 illius
884 1113 1061 1153 oratione
1075 1112 1213 1152 licebat
1226 1124 1452 1165 excerpere.
1467 1113 1526 1152 Eo
1535 1112 1662 1167 magis
1679 1114 1792 1155 incli-

508 1169 622 1208 nabat
644 1168 795 1207 animus
814 1180 888 1221 pro
899 1167 966 1206 illo
976 1197 990 1213 ,
1002 1167 1080 1207 τοῖς
1095 1167 1129 1206 ἐν
1144 1166 1279 1206 πόλεσι
1290 1197 1302 1214 ,
1316 1166 1445 1219 legere
1455 1167 1538 1207 τοῖς
1551 1167 1586 1207 ἐν
1599 1168 1710 1218 ποσὶ,
1725 1168 1793 1219 iis,‘

499 1238 593 1277 ¹quae
612 1224 815 1282 antepedes,
837 1221 900 1261 vel
919 1234 1010 1274 prae
1031 1234 1172 1267 manu,
1185 1220 1291 1273 sunt:
1313 1221 1364 1260 ita
1381 1230 1487 1262 certe
1506 1221 1545 1260 in
1565 1222 1793 1276 interpreta-

501 1278 616 1317 tione
626 1277 755 1330 posui.
770 1276 883 1329 Quin
900 1275 993 1315 nihil
1010 1275 1260 1315 excusatione
1275 1288 1377 1329 opus
1387 1275 1462 1316 effe
1474 1275 1607 1324 video,
1622 1276 1794 1331 inspefla

505 1331 750 1373 Bourdelotii
763 1332 809 1370 ad
821 1331 925 1370 hunc
940 1331 1071 1369 locum
1087 1328 1372 1370 observatione.
1386 1329 1516 1370 GESN.

565 1389 641 1425 ead.
652 1387 674 1424 l.
690 1400 703 1424 1
718 1400 749 1425 1.
761 1385 831 1425 Τὴν
843 1385 887 1424 ἑὲ
901 1383 1040 1437 φωνὴν)
1056 1384 1133 1424 Hic
1146 1397 1244 1424 vero
1258 1384 1368 1425 locus
1383 1384 1475 1424 mihi
1487 1383 1636 1439 semper
1646 1384 1796 1426 difficit-¹

505 1439 624 1480 limus
645 1439 747 1479 visus
769 1439 822 1478 est
841 1441 882 1479 &
902 1439 1081 1487 mutilus3
1105 1451 1231 1492 neque
1254 1439 1358 1478 enim
1382 1439 1505 1479 ullum
1527 1450 1686 1493 apparet
1708 1452 1797 1484 verq

513 1495 604 1534 bum
615 1525 627 1540 ‚
645 1494 744 1534 unde
757 1505 909 1547 pateat,
923 1493 1064 1547 probet
1076 1506 1125 1532 an
1139 1494 1287 1533 reiiciat
1302 1492 1499 1533 Lucianus
1510 1523 1521 1541 ,
1542 1506 1645 1546 quae
1656 1493 1720 1534 hic
1731 1507 1798 1534 re-

511 1548 658 1590 censet:
682 1549 723 1588 δι
741 1561 884 1588 -manca
904 1547 993 1587 sane
1014 1546 1222 1596 sementia,
1242 1547 1271 1586 fi
1286 1547 1388 1588 haec
1409 1548 1458 1588 ab
1478 1545 1563 1601 ipso
1582 1548 1798 1602 improbari

512 1616 603 1644 cum
615 1602 790 1643 Graevio
805 1601 963 1655 aliisque
981 1601 1129 1642 sentias.
1145 1603 1245 1641 Nam
1265 1603 1372 1656 quod
1383 1600 1573 1656 sequitur,
1583 1603 1638 1653 μὴ
1654 1599 1799 1654 κομιὸᾗ

516 1656 738 1711 τεθηγμένος
756 1657 832 1697 &c.
851 1657 956 1696 nulla
971 1668 1051 1696 arte
1069 1656 1229 1704 efficies,
1251 1667 1295 1696 ut
1311 1656 1358 1696 ad
1380 1656 1474 1696 haec
1489 1655 1669 1709 spectent.
1693 1657 1749 1698 At
1764 1655 1798 1697 fi

517 1710 645 1751 rursus
657 1712 754 1751 haec
766 1742 777 1759 ‚
792 1723 891 1764 quae
905 1722 1058 1750 enarrat
1069 1741 1079 1757 ‚
1094 1711 1232 1764 probet
1242 1741 1255 1757 ,
1265 1711 1377 1764 quod
1393 1710 1488 1757 fiet,
1500 1709 1530 1750 st
1544 1723 1635 1750 cum
1649 1724 1800 1765 praece-

519 1766 697 1805 dentibus
707 1797 719 1814 ,
732 1778 776 1805 ut
789 1765 951 1806 facimus
963 1795 973 1813 ,
988 1765 1216 1818 coniungas,
1226 1776 1270 1805 ut
1281 1765 1382 1819 ἔχων
1397 1765 1445 1805 ad
1453 1777 1665 1819 utrumque
1676 1766 1802 1820 perti·

516 1831 628 1868 near,
646 1832 725 1859 non
740 1820 867 1859 minor
880 1821 1003 1859 oritur
1017 1819 1229 1860 difficultas.
1245 1819 1353 1872 Quis
1363 1820 1517 1859 enimin
1529 1818 1727 1869 historico,
1742 1821 1801 1861 ni-

521 1874 550 1913 si
560 1874 664 1914 forte
677 1888 763 1914 cum
780 1886 853 1927 pro
873 1874 1065 1914 concione
1079 1874 1247 1914 dicentes
1261 1875 1422 1921 inducit,
1437 1875 1675 1914 vehementiam
1693 1874 1800 1915 issam

520 1929 564 1968 &
573 1930 743 1968 oratorias
754 1942 842 1967 artes
857 1928 1025 1982 requirat
1036 1928 1050 1968 ?
1067 1927 1216 1968 Confer
1227 1941 1331 1982 quae
1345 1929 1390 1968 de
1401 1928 1585 1968 historico
1600 1927 1684 1969 stilo
1693 1929 1801 1983 -apud

522 1982 649 2023 Cicer.
663 1983 952 2036 praecipiuntur
966 1983 1003 2021 in
1018 1982 1063 2022 de
1075 1981 1222 2030 Or.·11‚
1239 1996 1255 2022 1
1269 1996 1302 2034 5,
1316 1983 1358 2022 δι
1370 1982 1442 2022 Or.
1458 1996 1520 2022 20.
1533 1983 1648 2023 sedin
1662 1984 1717 2022 his
1728 1995 1806 2023 tm-

525 2039 579 2076 ἐῖα
591 2041 755 2090 quaedam
770 2038 805 2075 δ’
817 2040 935 2089 fluens
951 2038 1138 2089 expetitur,
1158 2052 1227 2077 non
1248 2039 1328 2077 haec
1346 2049 1500 2077 contorta
1512 2038 1554 2076 δ’
1572 2038 1664 2077 acris
1678 2038 1804 2079 oratio.
1840 2050 1841 2054 ’

524 2091 687 2131 Nodum
700 2090 853 2131 solvant
864 2091 924 2130 alii
935 2122 945 2139 ‚
958 2091 1053 2130 mihi
1068 2104 1148 2130 non
1159 2090 1293 2144 liquet.
1306 2091 1466 2131 SOLAN.
1478 2090 1657 2141 Solanus,
1672 2093 1740 2146 qui
1753 2093 1803 2133 ad

522 2147 643 2186 verba
655 2146 718 2185 *tim
731 2144 777 2184 «Γὲ
790 2147 910 2196 φωνὴν
925 2145 994 2186 ista
1008 2147 1229 2192 annotavit,
1247 2145 1349 2186 forte
1362 2145 1460 2185 leeta
1473 2145 1604 2186 nostra
1619 2146 1804 2200 interpre-

522 2200 673 2240 tatione
685 2200 792 2239 aiiter
806 2198 982 2248 sentiret,
996 2201 1168 2254 inprimis
1181 2199 1422 2240 considerata
1441 2200 1483 2239 vi
1495 2200 1605 2240 verbi
1617 2199 1806 2253 τεθηγμέ-

523 2269 594 2301 νος,
604 2255 714 2307 quod
728 2267 750 2293 a
765 2252 852 2293 ferri
866 2266 912 2293 ac
927 2255 1099 2295 dentium
1113 2255 1290 2295 acumine
1309 2254 1355 2294 ad
1376 2254 1645 2295 incitationem
1660 2255 1775 2294 animi
1788 2261 1805 2305 ,'

523 2321 569 2349 ac
583 2309 729 2349 dicendi
743 2309 1028 2348 vehementiam
1039 2340 1052 2356 ‚
1068 2308 1226 2368 pulchre
1242 2307 1418 2348 refertur.
1432 2308 1572 2348 Abeffe
1584 2309 1672 2349 vult
1684 2309 1732 2348 ab
1746 2309 1804 2348 hi·
1836 2342 1838 2346 Α

524 2361 668 2404 ssorico
692 2361 883 2403 forensem
908 2363 1013 2402 illam
1033 2364 1298 2416 asperitatem,
1317 2362 1359 2403 &
1378 2362 1662 2404 contentiosum
1680 2375 1805 2416 genus

522 2417 681 2457 dicendi.
699 2416 829 2458 GESN.
1836 2415 1841 2419 '

583 2474 656 2510 ead.
671 2472 696 2510 l.
712 2485 726 2509 1
737 2486 771 2510 2.
787 2470 1012 2524 Κάρχαρον)
1025 2470 1118 2510 Vid.
1132 2469 1245 2525 supra
1261 2474 1379 2512 Mra-3.
1395 2484 1430 2511 c.
1451 2469 1751 2527 35·1nf¹'a’0?x·
1762 2483 1801 2514 c-
1836 2516 1839 2523 ,

526 2538 553 2572 4
563 2554 576 2572 ,
590 2531 678 2568 Δικ.
691 2538 724 2567 c.
740 2540 802 2580 33,
815 2524 920 2568 Πενθ.
935 2538 970 2569 c.
985 2540 1034 2576 4,
1045 2525 1088 2567 δι
1101 2524 1211 2581 saepe
1222 2524 1496 2568 31ὼὶ.8οι.ΑΝ.
