1841 3180
474 115 570 157 442
682 95 1564 146 ANNOTATIONES

473 188 736 229 fimilitudinis.
750 189 857 229 Illam
871 187 1089 227 tribuebant
1099 187 1169 227 arti
1183 188 1224 228 δι
1238 189 1500 230 exercitationi
1511 221 1522 239 ‚
1539 191 1640 232 hanc
1652 191 1760 247 inge-

475 244 546 283 nio
559 243 601 283 δι
617 244 759 283 iudicio
772 242 938 282 artificis.
950 242 1158 282 Vitruvius
1172 242 1206 281 id
1222 242 1341 295 ipsum
1366 246 1525 297 requirit
1540 246 1578 285 in
1591 246 1760 287 archite-
1817 248 1824 269 '²

475 298 546 337 &is
558 297 622 338 lib.
635 298 687 337 III
699 329 709 346 ‚
730 312 741 335 1
756 313 763 337 :
786 299 970 336 Sacrarum
982 296 1113 335 aedium
1125 298 1281 344 membra,
1297 301 1345 337 ad
1358 299 1548 350 univerfizm
1564 301 1670 340 totius
1684 317 1760 340 ma·

473 353 664 404 gnitudinis
678 352 869 403 summam,
891 366 934 389 ex
954 350 1110 403 partibus
1114 352 1264 404 fingulis
1283 354 1619 406 convenienttffi‘mum
1643 355 1760 395 debent
1822 353 1841 375 ’Λ

478 406 598 445 habere
614 406 833 457 commenfitm
849 404 1052 456 responsum.
1074 405 1192 444 Hunc
1208 405 1363 445 Luciani
1375 407 1509 447 locum
1525 406 1574 447 fic
1584 421 1683 462 puer
1697 408 1760 450 fe·

475 473 519 500 re
533 460 752 505 emendavi,
767 472 856 498 cum
870 472 959 498 cum
973 458 1122 511 aequali
1138 458 1195 498 Io.
1209 458 1417 508 Schistero,
1430 461 1641 502 neceffario
1652 475 1760 514 meo,

473 515 543 566 qui
563 526 670 553 nunc
684 511 928 553 illustriffimo
948 512 1054 552 Duci
1075 512 1265 553 saxoniae
1284 513 1336 553 est
1356 528 1377 554 a
1397 514 1584 563 consiliis,
1599 515 1641 556 &
1660 516 1758 558 inter

474 566 776 607 Iurisconsultos
788 566 924 606 doetos
942 567 983 607 &
993 566 1186 619 elegantes
1201 580 1278 606 non
1293 568 1469 608 ultimum
1485 570 1617 610 locum
1630 581 1734 611 tenet
1747 603 1763 623 ,

477 633 567 661 ante
590 622 744 674 triginta
757 634 880 660 annos
897 621 1002 660 hunc
1016 620 1238 674 scriptorem
1255 623 1480 662 evolverem
1492 654 1507 670 ,
1528 624 1569 663 δι
1590 636 1760 665 excute-

474 688 568 714 rem.
584 675 705 715 Recte
719 688 817 715 vero
833 688 892 714 me
913 673 1062 721 vidiffe,
1077 686 1257 729 excerpta
1275 675 1347 716 Ms.
1368 689 1470 730 quae
1489 677 1670 718 tredecim
1693 680 1761 719 ab·

473 730 564 769 hinc
588 730 696 769 annis
711 729 843 769 nactus
864 728 968 774 sum,
987 728 1215 777 ostendunt,
1237 730 1275 768 in
1300 731 1445 783 quibus
1464 731 1580 782 μερῶν
1604 732 1759 786 legitur,

475 784 655 837 quamvis
666 783 745 824 fine
759 783 806 823 iis
818 782 893 836 ipsa
910 783 1011 823 ratio
1025 782 1076 822 sic
1087 782 1325 823 scribendum
1335 783 1410 824 effe
1425 786 1568 826 iubeat.
1580 785 1758 828 GRAEV.

530 841 603 877 ead.
620 839 644 877 l.
658 840 695 878 6.
711 838 850 890 Μέρων)
868 837 927 877 Sic
943 839 1044 879 reete
1061 849 1210 890 praeter
1223 837 1295 877 Ms.
1309 837 1380 879 Gr.
1396 839 1434 879 P.
1453 839 1495 879 L.
1506 839 1547 879 δι
1558 840 1616 880 ed.
1631 841 1660 881 I.
1671 841 1758 881 Re-

471 891 600 946 liquae
614 904 749 932 omnes
763 894 918 944 μέτρων.
933 892 1092 931 SOLAN.
1113 892 1198 945 Ego
1209 891 1324 944 μερῶν
1335 892 1470 933 scribo.
1485 893 1629 934 RErrz.
1645 895 1760 936 Non-

474 947 567 986 dum
584 947 764 986 damnare
789 945 940 1000 possum
961 945 1036 985 τῶν
1056 945 1198 998 μέτρων
1222 946 1384 988 ἰσότητι
1404 950 1494 1000 πρὶς
1507 951 1551 987 τὸ
1571 949 1666 998 ὅλον,
1679 951 1703 990 i.
1720 963 1758 990 e.

471 1001 600 1040 verbo
618 1014 699 1041 uno
711 1001 957 1052 συμμετρίαν,
977 1013 1078 1053 quae
1096 999 1174 1040 fine
1192 999 1310 1041 dubio
1328 1001 1366 1040 in
1379 1002 1554 1055 partibus
1575 1002 1652 1051 est,
1668 1003 1760 1044 licet

470 1054 644 1108 expressa
658 1056 824 1108 partium
849 1054 995 1094 mentio
1013 1067 1093 1093 non
1115 1054 1192 1094 fiat.
1214 1055 1337 1094 Etiam
1352 1056 1418 1109 qui
1435 1057 1550 1108 μέρων
1566 1057 1706 1098 habent
1717 1058 1761 1097 li-

474 1110 535 1148 bri
545 1140 556 1157 ‚
573 1109 657 1162 ipso
671 1121 835 1150 accentu
849 1108 1017 1162 produnt
1027 1140 1039 1158 ‚
1053 1107 1160 1148 fuiffe
1172 1109 1210 1148 in
1225 1110 1443 1164 archetypo
1454 1111 1611 1161 μέτρων.
1627 1111 1762 1154 ΟΕεΝ.

527 1164 605 1202 ibid.
618 1165 779 1216 Γραφέων
801 1161 948 1203 wasser
965 1161 1232 1217 ἐπαινούντων)
1247 1165 1422 1215 Γραφέων
1437 1164 1584 1206 nasses·
1605 1164 1690 1206 sunt
1704 1167 1762 1206 di-

473 1216 609 1271 scipuli
632 1217 852 1270 pictorum,
876 1218 997 1257 immo
1017 1217 1184 1270 pictores
1207 1217 1299 1270 ipsi,
1322 1229 1365 1258 ut
1388 1219 1595 1270 φιλοσόφων
1615 1220 1760 1262 mische

471 1271 615 1312 Noster
633 1272 720 1312 alibi
737 1273 865 1312 dicere
888 1282 1002 1312 amat.
1021 1271 1207 1311 Ceterum
1230 1285 1278 1311 ne
1294 1273 1431 1313 mirere
1446 1272 1670 1316 struauram
1686 1275 1761 1316 ho·

472 1339 562 1365 rum
581 1327 810 1375 verborum,
826 1339 898 1366 nec
914 1338 1089 1379 quaeras,
1101 1339 1184 1379 quo
1196 1326 1434 1380 participium
1448 1327 1539 1368 illud
1553 1329 1761 1383 pertineat,

471 1393 602 1434 neque
621 1382 661 1420 in
679 1381 860 1421 ἐπαινοῖεν
883 1381 1110 1420 mutandum
1134 1379 1334 1433 suspicere.
1359 1381 1419 1421 Est
1443 1383 1545 1423 enim
1565 1383 1761 1436 genuinus

474 1434 699 1475 Atticismus
720 1435 908 1488 participii
930 1435 967 1482 *,
992 1448 1064 1488 pro
1087 1435 1320 1488 imperativo
1341 1435 1623 1485 ὲπαινείτωσαιν,
1639 1451 1762 1491 quem

472 1489 575 1529 recle
589 1488 746 1529 illustrat
759 1490 835 1529 Th.
848 1489 1000 1542 Magist.
1010 1503 1050 1529 v.
1063 1493 1296 1539 ΧΡΗΣΘΩΝ,
1309 1503 1354 1530 ac
1370 1490 1563 1530 nonnullis
1575 1492 1762 1546 exemplis

474 1542 691 1583 confirmat.
707 1544 818 1584 Adde
830 1543 1055 1597 Weffeling.
1073 1543 1241 1599 Observ.
1255 1557 1339 1598 pag.
1359 1557 1400 1598 51
1409 1575 1421 1594 ,
1435 1546 1502 1585 ubi
1513 1558 1563 1585 ex
1575 1545 1761 1598 Sophocl.

443 1607 448 1609 ’
473 1598 586 1638 Aiac.
608 1598 761 1652 Mastig.
779 1598 852 1651 981
880 1597 1011 1638 affert:
1041 1597 1084 1637 Οἱ
1104 1597 1141 1637 δ’
1158 1596 1216 1637 οὖν
1234 1599 1433 1652 ’γελώντων
1452 1597 1761 1653 κᾴπιχαιρόντων

475 1651 623 1702 κακοῖς,
636 1653 660 1692 i.
674 1666 708 1693 e.
720 1655 849 1692 rideant
861 1653 911 1690 illi
926 1655 960 1691 ὃν
969 1655 1143 1706 gaudeant
1155 1652 1265 1691 malis.
1282 1652 1372 1692 Alia
1383 1652 1500 1693 huius
1510 1655 1659 1706 generis
1675 1668 1758 1706 par-

475 1706 607 1760 ticipia
620 1720 693 1760 pro
703 1707 785 1746 aliis
797 1707 933 1755 modis,
945 1707 1021 1746 vid.
1036 1719 1098 1759 ap.
1109 1706 1304 1746 Maittaire
1318 1707 1364 1747 de
1379 1706 1527 1758 Dial.p.
1539 1708 1759 1759 79.R131Tz.

530 1762 605 1799 ead.
620 1762 642 1799 l.
658 1761 694 1801 8.
706 1760 921 1815 Ἔτι-ᾔνεσα.)
945 1760 1121 1800 Absurde
1134 1759 1392 1812 Obsopoeus‚
1412 1762 1513 1801 laude
1533 1762 1758 1810 extollebam,

471 1828 563 1855 cum
578 1815 705 1855 aorist.
726 1815 923 1856 indicativi
940 1815 1001 1855 hic
1013 1815 1221 1855 vertendus
1234 1814 1494 1856 subiunffive.
1510 1816 1696 1870 Exempla
1711 1816 1760 1857 si-

473 1870 552 1909 mil.
568 1870 643 1909 vid.
659 1883 720 1923 ap.
740 1868 834 1909 lens.
857 1870 894 1908 in
919 1869 1038 1910 Lech.
1060 1870 1216 1909 Lucian.
1232 1883 1268 1922 p.
1285 1869 1454 1923 28—30.
1473 1869 1546 1910 Sed
1563 1871 1701 1919 credo,
1718 1871 1757 1912 id

475 1937 540 1963 me
556 1924 631 1964 iam
649 1923 793 1964 notasse
807 1924 854 1964 ad
873 1925 1052 1964 Hermot.
1069 1937 1152 1977 cap.
1164 1923 1211 1964 61
1233 1923 1275 1963 δι
1296 1923 1358 1964 81.
1376 1923 1527 1965 Confer
1538 1925 1626 1966 Ael.
1637 1926 1688 1966 V.
1701 1926 1753 1965 H.

478 1992 501 2018 2
512 2010 525 2026 ,
542 1994 558 2026 ς
572 1993 603 2018 1.
619 1978 766 2018 Rmz.

531 2034 623 2086 Pag.
640 2046 727 2085 130.
746 2034 770 2071 l.
791 2046 827 2083 7.
841 2034 889 2070 Τὸ
909 2034 1054 2085 νεογνὶν
1071 2031 1116 2071 S}
1134 2033 1174 2070 τὶ
1192 2029 1228 2071 ἓν
1249 2030 1321 2072 τῶν
1340 2031 1490 2079 νηπίων,
1504 2031 1603 2082 εσ’μως
1623 2032 1755 2088 ἄγριον
1803 2084 1807 2088 .

427 2137 430 2139 Δ
474 2088 543 2126 καὶ
562 2086 597 2127 ἓν
617 2087 671 2137 τῷ
692 2086 835 2137 ἁπαλῷ
850 2084 920 2127 iisn
939 2086 1115 2140 φοβερὸν)
1131 2086 1451 2140 Interpretantur‚
1459 2100 1562 2138 porro
1575 2087 1754 2139 infantum

475 2143 575 2187 alter,
592 2157 660 2181 non
667 2141 769 2192 fi’cus
781 2157 824 2182 ac
838 2154 936 2195 pater
948 2142 1085 2194 agrestis
1101 2143 1143 2193 esl
1153 2172 1165 2190 ,
1189 2141 1224 2180 δ’
1242 2142 1278 2180 in
1292 2153 1402 2180 tenera
1416 2152 1525 2180 aetate
1538 2142 1608 2180 iam
1623 2143 1754 2182 terribi-

473 2197 528 2234 lis.
543 2195 640 2236 Satis
654 2195 827 2244 fideliter,
849 2194 916 2235 nlsl
940 2195 1047 2250 quod
1067 2205 1237 2249 quatuor
1251 2208 1394 2242 voces,
1416 2209 1516 2249 quae
1538 2195 1754 2249 sequuntur

473 2251 647 2298 tertiam,
666 2264 727 2290 me
741 2249 968 2296 offendunt,
987 2251 1154 2289 maxime
1176 2250 1265 2302 quia
1285 2261 1356 2289 nec
1376 2251 1415 2288 in
1435 2249 1595 2290 Graecis
1611 2250 1754 2289 haben·

476 2316 548 2343 tur.
565 2305 612 2344 Et
626 2318 745 2358 quare
760 2318 860 2345 unus
873 2305 992 2344 modo
1007 2304 1136 2344 similis
1148 2303 1201 2344 est
1214 2304 1326 2358 patri,
1337 2317 1417 2343 non
1430 2304 1547 2344 etiam
1559 2304 1652 2344 alter
1667 2305 1752 2358 pul-

522 2388 538 2405 *
560 2385 663 2419 Immo
678 2387 870 2420 terminatio
887 2387 1089 2430 imperativi.
1110 2386 1200 2419 Adde
1216 2386 1353 2419 Homer.
1371 2385 1462 2419 Iliad.
1478 2385 1525 2425 Θ,
1541 2396 1603 2428 517
1617 2385 1652 2420 &
1666 2397 1723 2428 521
1739 2412 1750 2429 ‚
1804 2403 1811 2406 -

475 2429 627 2475 aliaque,
646 2442 732 2476 quae
746 2432 863 2468 deinde
878 2432 964 2466 dedi.
981 2432 1112 2466 Rlzlrz.
1127 2433 1160 2464 ἱη
1179 2431 1323 2465 Addend.
1341 2430 1372 2465 ὃ·
1389 2431 1504 2476 corrig.
