1841 3180
489 124 583 183 446
685 117 1559 166 ANNOTATIONES

487 210 575 249 dine
589 209 769 249 arborum
781 208 1020 260 interpretari
1032 206 1234 247 absurdum
1247 206 1360 248 foret.
1379 208 1493 248 Addo
1509 208 1569 248 hic
1581 207 1768 262 Thueyd.
1807 212 1839 246 (οὓ

489 263 598 310 L.V,
614 277 647 304 c.
667 263 717 304 68
732 295 743 312 ‚
755 263 836 303 Ἐπὶ
859 263 884 302 J
888 262 903 301 ὲ
926 261 1033 307 βάθος
1048 261 1236 312 ἐτάξαντο
1253 261 1322 311 μὲν
1339 258 1376 300 οὔ
1392 264 1537 302 πάντες
1555 262 1695 313 ὁμοίως.
1718 265 1766 304 Et

487 319 673 370 Xenoph.
686 317 722 356 11
737 316 835 356 Hist.
848 315 918 356 Gr.
931 330 968 369 p.
983 330 1074 366 472,
1089 317 1232 355 citante
1242 315 1409 355 Dukero
1422 317 1468 356 ad
1483 316 1766 368 Thucyd.VII,

488 371 552 421 78.
569 372 664 411 Item
686 371 853 410 Diodor.
871 369 942 410 Sic.
964 384 1000 422 p.
1020 383 1107 422 575,
1121 369 1250 419 βαθείᾳ.
1264 371 1481 423 φαλαγγι,
1506 371 1709 412 ειάἀυᾶιιῐῐι
1726 372 1768 411 in

486 425 627 465 Indice.
641 425 724 464 Ἐπὶ
740 425 928 475 τεττάρων
948 435 1075 463 autem
1096 423 1223 462 firmat
1237 424 1335 463 idem
1356 422 1542 464 Dukerus
1556 425 1694 465 ibidem
1709 426 1769 465 lo-

491 493 542 520 co
557 479 829 530 Xenophontis
845 478 962 517 modo
978 476 1186 530 descripto,
1206 477 1272 517 ubi
1287 477 1361 517 ait:
1384 479 1451 516 καὶ
1472 478 1638 533 ἐγένοντο
1657 480 1769 526 βάθος

491 529 558 573 οὐκ
575 532 748 578 ἔλαττον,
765 533 783 573 ἦ
797 532 860 571 ἐπὶ
873 528 1107 572 πεντήκοντα
1121 530 1310 571 ἀσπίδων.
1323 531 1469 572 REITZ.

547 589 619 625 ead.
636 588 658 625 l.
672 601 708 636 4.
720 584 990 631 Ἐπιβῇσ-εσὲαι
1003 585 1020 638 )
1032 585 1075 625 In
1086 584 1310 637 Ang1.Cod.
1321 598 1395 639 pro
1414 599 1498 639 quo
1513 599 1560 626 ex
1572 585 1647 628 fide
1659 586 1771 627 MSS.
1819 583 1841 624 lui

491 641 534 681 δι
546 639 646 680 Cod.
660 641 762 680 Flor.
777 639 1019 692 reposuimus
1030 636 1333 680 ἑκπιιὸἧσεσ-ῧαι.
1348 640 1524 680 BOURD.

492 748 518 790 S
546 697 620 734 ead.
635 696 658 734 l.
680 710 715 748 χ.
735 689 868 748 Αὐτῷ)
893 693 933 733 Ρ.
959 693 1115 743 melius,
1134 706 1252 747 quam
1275 694 1384 747 quod
1400 695 1439 734 in
1459 694 1616 749 reliquis
1631 691 1766 735 αὐτῶν.
1840 690 1841 693 ’

521 759 653 788 OLAN.

549 804 629 843 ibid.
647 802 704 844 Δι’
716 802 862 857 ὀλίγον)
875 802 932 842 Ita
943 832 955 849 ,
971 801 1030 842 uti
1047 799 1266 842 coniecerat
1279 800 1460 843 Vorstius
1470 831 1482 851 ‚
1497 802 1540 842 P.
1557 800 1706 844 Codex.
1725 801 1770 843 In

492 856 681 911 impreffis
693 856 744 897 <W
756 858 892 911 ὀλίγον.
909 856 1069 896 SOLAN.

550 914 586 951 in
606 912 724 951 Schol.
739 912 801 951 col.
819 925 850 950 1.
869 912 891 950 l.
912 925 944 950 1.
959 908 1200 963 Δισμυρίας)
1220 909 1346 962 Atqui
1366 923 1502 951 currus
1515 909 1643 951 falcati
1663 921 1773 950 erant

492 964 694 1018 ofloginta
707 997 718 1014 ‚
731 965 830 1006 haud
843 965 983 1019 plures.
996 964 1041 1004 In
1052 963 1098 1004 C.
1118 964 1259 1017 legitur
1272 962 1351 1004 ἰὶτοι
1366 963 1540 1014 ὃυάὲας,
1555 966 1672 1005 etiam
1686 978 1773 1019 pra-2

497 1033 561 1061 ve.
579 1020 739 1060 SOLAN.

550 1074 632 1114 ibid.
654 1075 717 1115 col.
734 1088 769 1113 2.
793 1074 817 1114 l.
843 1088 878 1113 2.
900 1072 1046 1124 Πεζὶιν)
1068 1071 1252 1125 Imperite
1271 1072 1479 1113 admodum
1501 1073 1596 1114 haec
1618 1084 1772 1114 enarrat

493 1127 720 1170 Scholiastes
735 1128 933 1169 Graecus:
955 1127 1111 1166 Latinus
1126 1126 1275 1167 melius.
1291 1126 1450 1168 SOLAN.

551 1183 643 1236 Pag.
667 1195 751 1235 ¹33.
766 1183 791 1221 l.
807 1182 844 1222 6.
857 1183 949 1221 Τότε
963 1182 1041 1219 ἀνὰ
1055 1183 1247 1232 τέτταρας
1260 1180 1328 1231 μὲν
1339 1181 1412 1221 τῶν
1429 1181 1635 1230 ἐλεφάντων
1650 1181 1773 1222 ἁπαν·

496 1236 570 1287 τᾷἶν
581 1237 640 1287 ἐφ’
650 1235 814 1288 ἑκάτερα
824 1234 900 1276 τοῖς
917 1234 1095 1288 ἱππεῦσι)
1109 1235 1210 1275 Cum
1223 1236 1338 1275 vertit
1349 1235 1593 1282 Benediflus,
1607 1249 1687 1276 tunc
1696 1251 1773 1276 cum

497 1291 669 1344 quaternis
693 1291 879 1342 elephantis
889 1290 1043 1343 utrinque
1062 1304 1228 1329 occurrere
1245 1290 1429 1342 equitibus,
1452 1291 1622 1330 imitatur
1644 1290 1775 1331 Obso-

495 1342 659 1399 poeum,
674 1357 754 1385 tunc
766 1360 838 1384 una
850 1359 926 1384 cum
939 1356 1088 1396 quatuor
1096 1344 1284 1396 elephantis
1298 1345 1452 1398 utrinque
1464 1344 1632 1397 equitibus
1641 1345 1705 1397 ff
1715 1360 1776 1384 oc·

497 1401 694 1440 currendum
705 1428 718 1445 ,
731 1399 797 1452 qui
812 1410 976 1452 uterque
990 1398 1174 1438 debuerat
1188 1398 1361 1438 addidiffe
1371 1429 1383 1444 ‚
1399 1399 1468 1452 qui
1489 1411 1579 1438 cum
1595 1398 1775 1452 elephan-

497 1454 546 1494 tis
564 1452 761 1494 occursuri
782 1452 917 1493 essent:
937 1463 1040 1493 certe
1063 1451 1232 1492 securius
1253 1465 1454 1505 poterant,
1477 1465 1557 1492 tunc
1581 1453 1776 1507 elephantos

499 1520 678 1562 quaternos
693 1509 847 1561 utrinque
860 1522 1027 1547 occurrere
1039 1507 1204 1560 equitibus
1220 1506 1458 1547 Galatarum.
1470 1506 1616 1548 GRON.

553 1565 626 1602 ead.
642 1564 664 1602 l.
679 1576 692 1601 1
703 1577 736 1614 3.
746 1561 1053 1615 Ἐταράχθησαν)
1067 1561 1170 1600 Idem
1193 1561 1406 1608 Romanis,
1422 1561 1524 1601 bello
1535 1562 1751 1602 Tarentino
1762 1590 1776 1610 ,

498 1629 590 1657 cum
602 1616 756 1669 Pyrrho
770 1617 1041 1656 dimicantibus
1054 1616 1196 1655 evenit.
1207 1617 1256 1654 V.
1270 1615 1372 1657 Flor.
1387 1615 1424 1663 I,
1440 1616 1500 1656 18.
1510 1616 1676 1660 VORST.

556 1672 669 1710 ead.l.
685 1683 744 1723 15.
761 1670 1029 1725 Τετριγότων)
1053 1670 1170 1710 Mart.
1191 1669 1332 1710 Delrio
1348 1671 1394 1710 ad
1415 1670 1547 1710 Senec.
1569 1670 1642 1723 leg.
1663 1680 1776 1723 putat

498 1723 764 1778 τραχυτίιτων.
781 1725 955 1764 BOURD.
969 1724 1190 1777 Polyaenus
1208 1724 1422 1777 κραξάντων
1441 1725 1487 1764 de
1505 1724 1715 1778 elephantis
1730 1738 1776 1764 u-

503 1777 645 1833 surpat.
659 1779 820 1832 Strateg.
835 1780 912 1825 lv,
925 1794 961 1832 p.
980 1779 1051 1831 385
1069 1778 1119 1819 A.
1131 1778 1203 1818 Sed
1222 1778 1471 1819 Philostratus
1484 1779 1528 1819 61
1547 1779 1667 1818 utitur
1679 1779 1748 1819 hac
1762 1808 1776 1825 ,

501 1832 570 1872 nisi
583 1834 689 1887 quod
702 1833 753 1872 ibi
768 1847 964 1886 perperam
979 1833 1119 1885 legitur
1128 1833 1319 1885 τετρυγὼς
1332 1846 1404 1887 pro
1416 1834 1604 1886 τετριγός.
1615 1834 1776 1873 δοιΑΝ.

558 1888 649 1940 Pag.
669 1902 755 1941 134.
769 1889 792 1926 l.
811 1903 842 1928 1.
856 1889 939 1940 Πρὶν
957 1887 1003 1940 ἢ)
1022 1888 1114 1926 Non
1135 1885 1257 1927 solum
1272 1900 1439 1940 quatuor
1456 1888 1564 1933 illae,
1585 1899 1682 1941 quas
1703 1886 1777 1927 So-

496 1940 613 1982 lanus
629 1941 818 1991 contulit,
844 1941 895 1981 fic
920 1941 1061 1981 habent
1080 1941 1162 1981 edd.
1188 1940 1248 1981 sed
1270 1942 1311 1982 δι
1333 1943 1379 1980 Ρ.
1401 1943 1444 1982 &
1464 1944 1504 1982 S.
1526 1954 1598 1981 nec
1619 1940 1778 1989 dubito,

499 1996 597 2048 quin
611 1995 652 2035 &
667 2006 827 2036 ceterae.
849 1996 914 2035 An
932 2009 1029 2036 vero
1045 1995 1212 2044 credidit,
1226 1995 1332 2049 poffe
1346 1995 1469 2035 abesse
1484 1995 1577 2035 illud
1595 1993 1637 2044 353
1651 1995 1778 2048 potest

503 2050 658 2102 quidem
671 2065 681 2092 :
703 2049 763 2090 sed
773 2049 814 2090 &
827 2051 928 2090 reete
941 2050 1054 2097 adest,
1069 2061 1112 2090 ut
1127 2049 1237 2102 supra
1249 2049 1351 2090 Dial.
1365 2051 1488 2090 Mort.
1501 2048 1596 2089 xlv
1609 2050 1723 2090 Alex.
1735 2049 1778 2089 δε
1840 2072 1841 2087 ι

502 2103 634 2157 Philip.
661 2105 770 2144 ἀλλὰ
795 2105 875 2158 πρὶν
894 2106 913 2145 ἢ
935 2103 1105 2157 τόξευμα
1126 2103 1379 2157 ἐξικνεῖσθαι,
1403 2105 1612 2158 φυγόντων.
1627 2104 1777 2144 Aelian.

505 2159 559 2199 V.
573 2159 625 2199 H.
641 2159 673 2208 Ι,
690 2172 755 2205 21,
767 2158 874 2209 νόμος
883 2159 982 2199 ἐστὶν
997 2182 1042 2189 -
1053 2159 1106 2209 μὴ
1119 2159 1291 2210 πρότερον
1307 2159 1424 2212 λόγου
1435 2157 1779 2212 μεταλαγχάνειν,

503 2212 590 2264 ’πρὶν
612 2213 631 2253 {i
646 2212 896 2266 προσκυνῆσαι
913 2211 1038 2253 αὗτόν.
1054 2213 1100 2252 Et
1111 2225 1192 2253 non
1212 2211 1325 2253 semel
1339 2213 1439 2252 alibi.
1457 2211 1725 2261 Herodiand,
1742 2225 1778 2252 c.

502 2267 560 2307 XI
574 2298 585 2315 ‚
611 2280 671 2317 11,
689 2265 740 2306 Οὗ
762 2268 938 2320 πρὸτερον
956 2265 975 2308 ἦ
1004 2266 1091 2308 ναῦς
1112 2266 1323 2319 ἀνέδραμε,
1340 2267 1423 2320 πρὶν
1441 2266 1460 2308 ἢ
1479 2267 1544 2308 τὴν
1569 2265 1694 2319 ἱερείαν
1715 2266 1780 2306 ὄιν-

504 2319 656 2375 εχθῆναι
673 2319 742 2361 τῆς
757 2320 863 2361 Θεοῦ.
879 2323 940 2362 Ne
960 2322 1067 2375 plura
1081 2321 1226 2361 addam.
1244 2322 1392 2362 Rmz.

561 2377 635 2415 ead.
648 2376 672 2414 l.
687 2390 720 2415 2.
735 2375 1053 2429 Περιπειρὸμενοι)
1069 2375 1128 2416 Sic
1148 2389 1308 2430 quoque
1329 2376 1368 2415 in
1383 2375 1412 2414 I.
1429 2385 1535 2422 erat,
1547 2373 1608 2414 sed
1623 2389 1649 2413 α
1665 2372 1777 2427 supra

507 2427 637 2482 posuit
652 2429 841 2480 Solanus,
858 2441 901 2471 ut
924 2430 992 2484 qui
1009 2430 1305 2483 περιπειρέιμενοι
1325 2429 1400 2483 legi
1417 2429 1538 2480 velit,
1561 2428 1779 2481 addiditque
