1768 3185
124 228 198 277 IN
214 230 554 301 QUOMODO
575 231 734 279 HIST.
754 229 852 278 SIT
870 229 1128 278 CONSCR.
1213 251 1303 300 509

37 317 197 359 taNide
209 317 304 372 Lips.
315 319 362 358 de
375 318 451 358 mil.
466 318 581 359 Rom.
597 335 634 367 4.
648 318 713 358 De
725 316 905 358 fabulosis
914 329 1039 356 autem
1054 318 1280 360 draconibus
1290 352 1305 369 ,

41 370 170 425 legas,
184 372 213 413 fi
227 373 348 420 lubet,
362 372 534 412 Philostr.
550 374 589 412 in
601 374 633 411 V
644 374 694 412 ita
706 371 904 425 Apollonii
917 372 980 410 lib.
994 370 1048 410 111
1060 401 1072 416 ,
1087 385 1122 424 p.
1137 371 1186 424 98
1196 401 1207 418 ‚
1222 376 1305 425 qui,-

0 426 1 429 ’
30 438 117 466 -eos
133 439 184 480 30
203 426 427 466 cubitorum
451 426 688 479 longitudine
709 427 748 465 δι
773 425 935 478 amplius
957 423 1085 471 fuiffe,
1107 426 1238 472 tradit3
1261 428 1302 466 ὅ(

43 479 143 520 adeo
154 481 294 520 celeres
305 480 343 519 δι
358 479 531 528 infestos,
544 491 588 519 ut
601 493 739 519 eorum
760 479 890 519 dentes
908 477 1104 531 unguesve
1118 491 1168 517 ne
1183 482 1306 530 perni-

42 532 208 573 ciffimus
221 534 371 586 quidem
391 532 562 587 effugere
580 534 765 578 valuerit,
786 534 854 585 qui
876 531 988 572 semel
1002 533 1039 571 in
1058 531 1302 584 conspefium

42 588 206 627 venerit.
220 587 348 626 Addas
363 588 474 626 etiam
497 586 605 626 Curt.
628 588 736 633 licet,
752 587 817 639 qui
832 586 880 639 (l.
893 586 952 625 VI
965 615 974 630 ‚
989 598 1022 625 c.
1043 585 1096 638 4)
1110 599 1214 626 mare
1227 586 1320 629 Ca-,

42 639 167 694 spium
181 640 340 694 ingentis
354 641 617 693 magnitudinis
634 639 822 693 serpentes
841 640 941 680 alere
955 640 1018 679 ait.
1031 640 1117 680 Vid.
1130 639 1303 679 Bochar-

43 703 128 733 tum
142 695 297 734 Hieroz.
314 693 353 733 P.
378 694 437 742 11,
457 694 520 733 lib.
536 694 611 741 ΙΙΙ,
627 707 658 733 c.
679 708 733 746 ¹3·
747 692 943 732 Persarum
961 704 1087 732 autem
1110 693 1303 746 antiquio-

41 759 129 787 rum
141 777 152 794 ,
169 759 212 787 ut
226 747 261 787 id
276 748 402 788 obiter
415 760 591 787 moneam
604 776 614 794 ,
633 747 760 801 aquila
773 746 921 799 signum
934 757 1027 786 erat.
1040 747 1089 785 V.
1103 747 1201 786 Xen.
1217 747 1303 799 Cy-

44 813 96 841 ro
125 831 134 840 .
146 801 223 841 VII
235 832 247 850 ,
262 815 298 855 p.
317 814 390 841 102
402 830 414 846 ‚
433 802 491 841 16.
505 800 654 840 Alludit
666 812 793 841 autem
806 801 956 854 ineptus
971 801 1032 840 ille
1043 799 1243 840 historicus
1256 803 1303 841 ad

43 815 255 903 hilioriam,
264 867 379 908 quam
392 867 518 894 narrat
530 854 764 906 Polyaenus,
775 854 814 894 δι
828 855 948 907 tangit
961 853 1132 893 Galenus
1143 855 1189 893 de
1200 855 1305 894 The-

43 909 148 949 riaca
162 922 198 962 p.
213 910 290 957 460
303 911 359 948 ed.
371 908 442 949 Gr.
455 907 537 948 Bas.
554 907 786 961 spanhemio
803 908 975 948 laudatus
987 921 1023 960 p.
1039 922 1126 955 224.
1143 907 1305 948 Soram,

100 962 286 1016 Pag.193.
305 963 328 1001 l.
346 976 379 1016 5.
393 960 736 1015 Περιπὲιραθέντων)
752 966 849 1013 spots.
860 961 1222 1013 περισπειραθέντων.
1237 963 1301 1002 Sic

43 1013 142 1056 Plut.
163 1015 331 1056 cunr.
357 1016 575 1069 Legendum
597 1015 953 1067 περισπειραθέντων.
979 1015 1040 1054 Sic
1068 1015 1303 1057 Plutarchus,

42 1069 222 1110 MENAG.
236 1069 300 1109 De
314 1069 390 1109 alio
403 1071 536 1123 inepto
548 1068 784 1109 historiarum
799 1068 981 1120 scriptore
993 1097 1003 1116 ,
1022 1070 1088 1122 qui
1100 1070 1302 1117 dracones,

41 1122 148 1176 signa
163 1123 335 1163 militaria
348 1122 577 1163 Parthorum
589 1152 600 1170 ‚
616 1124 815 1163 tradiderat
832 1121 938 1162 fuiffe
957 1124 1126 1176 ingentes
1144 1122 1303 1176 serpen-

41 1187 102 1217 tes
115 1177 234 1217 vivos
254 1177 408 1230 perticis
429 1176 623 1230 alligatos,
645 1178 711 1230 qui
724 1178 761 1216 in
775 1177 925 1230 proelio
948 1178 987 1215 in
1008 1177 1132 1216 hostes
1149 1178 1301 1217 immiffi

43 1243 223 1284 magnam
238 1231 397 1284 stragem
413 1231 615 1271 ediderint:
633 1230 779 1281 Ἀμέλει
793 1230 952 1270 πολλοὺς
969 1229 1040 1270 τῶν
1054 1228 1231 1283 ἡμετέρων
1244 1230 1304 1271 οὕ-

44 1298 101 1324 τω
108 1283 373 1332 καταποθῆναι,
384 1284 448 1323 καὶ
460 1282 598 1324 ἄλλους
609 1284 933 1336 περισπειραθέντων
949 1281 1078 1324 αὐτοῖς
1091 1285 1303 1339 &onomast-

43 1352 127 1385 ναι,
147 1339 211 1378 καὶ
230 1336 540 1392 συγκλασθῆναι,
559 1338 769 1391 Interpres:
795 1338 965 1377 Nimirum
986 1339 1108 1378 multos
1121 1341 1303 1392 nostrorum

45 1392 98 1431 ita
111 1394 290 1432 devoratos
304 1392 388 1445 effe,
402 1393 492 1431 alios
504 1407 582 1431 vero
593 1393 673 1446 ipfis
686 1392 871 1442 transfixos
879 1392 983 1444 fiaſj'c
992 1422 1005 1438 ,
1016 1404 1165 1438 necatos,
1178 1393 1212 1432 δ’
1225 1409 1303 1433 con-

36 1445 180 1500 stables.
197 1445 306 1498 Quid
321 1445 374 1486 est
389 1446 476 1485 alios
489 1447 569 1499 ipsis
582 1446 767 1496 transfixos
778 1448 799 1484 ?
817 1445 954 1484 scribe:
969 1446 1031 1485 καὶ
1052 1448 1189 1486 ἀλλους
1202 1463 1304 1499 περι,

46 1500 344 1552 σπειρασῧέντων
364 1497 500 1545 αὐτῶν,
513 1501 600 1539 alios
616 1500 723 1552 fmffe
733 1499 838 1552 spiris
851 1499 1036 1546 involutos,
1054 1500 1088 1538 ἐξ)
1091 1502 1144 1552 fic
1161 1503 1205 1539 ab
1222 1502 1302 1554 ipsis

45 1554 159 1606 elisbs,
181 1554 215 1592 G·
233 1554 402 1594 contritos.
424 1553 785 1605 Περισπειρασὸἧναι
805 1554 975 1606 Virgilio
995 1552 1049 1592 est
1060 1555 1165 1607 spiris
1183 1555 1306 1608 ligari:

52 1608 132 1648 Tela
139 1607 298 1660 ferentem
314 1608 698 1660 Corripiunt,spirifi]ue
715 1608 822 1659 ligant
833 1607 1029 1661 ingentibus.
1045 1607 1216 1648 GRAEV.
1229 1612 1304 1647 Hs-

44 1661 342 1714 ρισπειραθέντων
353 1661 370 1714 )
383 1662 444 1701 Ad
458 1661 756 1702 confirmandam
776 1662 872 1701 hanc
888 1661 1055 1713 Menagii
1069 1662 1304 1702 emendatio-

44 1728 134 1756 nem
146 1745 157 1762 ,
172 1726 322 1769 praeter
334 1715 598 1756 au&oritatem
614 1717 684 1755 W.
701 1717 741 1755 δι
761 1715 802 1755 L.
825 1715 865 1755 δι
877 1715 1067 1754 Codicum
1080 1746 1090 1764 ‚
1104 1716 1197 1756 adde
1216 1716 1303 1756 loca

45 1769 205 1810 Luciani
221 1768 336 1823 ipsius
352 1768 562 1822 sequentia:
584 1770 621 1808 in
637 1769 775 1820 Φιλοψ.
796 1782 879 1822 cap.
898 1769 1014 1822 23.In
1027 1769 1123 1819 Διψ.
1141 1783 1174 1810 c.
1193 1772 1240 1818 6,
1260 1771 1302 1810 δι

45 1823 155 1877 Ὀρχ.
165 1835 198 1864 c.
211 1836 245 1862 2.
256 1824 454 1876 Περιπείρω
467 1837 564 1863 vero
576 1823 678 1862 aliud
692 1823 768 1871 est3
785 1822 988 1875 usurpatur
1002 1824 1102 1862 enim
1116 1824 1161 1863 de
1172 1825 1305 1870 rebus,

46 1890 144 1930 quas
156 1875 413 1930 transfigendo
423 1878 670 1930 appendimus
682 1889 746 1916 aut
761 1877 962 1929 affigimus,
975 1888 1018 1915 ut
1039 1889 1170 1916 carnes
1189 1891 1304 1916 veru-

45 1930 129 1972 bus.
145 1931 261 1984 Apud
275 1929 457 1971 Nostrum
472 1931 509 1970 in
529 1930 667 1978 Gallo3
682 1930 724 1970 &
740 1932 863 1984 capita
879 1929 1010 1978 hostis,
1031 1930 1069 1968 in
1085 1931 1201 1983 Xiph.
1215 1930 1303 1970 Per-

46 1985 116 2024 tin.
132 1983 200 2024 sub
212 1983 442 2025 finem.Vid.
459 1995 541 2025 not.
555 1986 602 2024 ad
613 1984 738 2030 Ἀναβ.
754 1998 787 2024 c.
809 1998 866 2036 51·
881 1983 1036 2024 SOLAN.
1058 1987 1306 2035 Περισπειρα-

46 2037 190 2093 θέντων)
204 2039 287 2079 Cur
301 2039 399 2079 hanc
420 2038 504 2078 leel.
520 2039 700 2092 vulgatae
720 2038 1027 2091 praetulerimus,
1044 2038 1131 2077 vide
1151 2051 1198 2076 ex
1221 2038 1305 2077 Phi·

46 2092 146 2146 lops.
157 2105 189 2133 c.
205 2106 254 2132 22
268 2091 293 2133 f.
306 2093 372 2132 ubi
387 2091 592 2143 εἷλομένους
602 2092 684 2144 ’περὶ
697 2096 759 2131 τὸν
773 2088 923 2146 αὐχένα
934 2123 946 2140 ,
958 2092 1021 2130 κει)
1035 2091 1098 2130 ἐπὶ
1112 2091 1184 2130 τῶν
1200 2091 1303 2142 ὤμων

47 2145 160 2187 ἐνίους
174 2146 472 2198 ἐσπειραμένους.
493 2145 556 2185 De
577 2145 730 2198 Dipsad.
746 2159 827 2198 cap.
845 2148 893 2192 6,
912 2144 1226 2197 περισπειρᾶσδαι
1249 2145 1304 2194 τῷ

49 2200 155 2241 mm.
172 2200 220 2240 Et
233 2201 330 2240 Vot.
347 2212 431 2253 cap.
450 2214 472 2239 2
495 2199 518 2239 f.
534 2200 654 2239 Re&e
672 2200 788 2252 igitur
809 2201 983 2240 emendat
995 2200 1149 2252 Menag.
1165 2199 1304 2238 Probat

48 2254 166 2294 etiam
179 2253 403 2306 Weffeling.
421 2254 469 2292 ad
480 2252 646 2293 Diodor.
660 2253 732 2293 Sic.
752 2254 828 2300 lv,
847 2266 879 2292 c.
899 2253 948 2302 48
960 2283 970 2300 ‚
984 2266 1019 2291 n.
1034 2267 1084 2306 79
1096 2284 1106 2302 ,
1121 2254 1187 2292 ubi
1205 2268 1305 2306 περι-

49 2308 293 2360 σπειράμενον
303 2312 345 2346 τὸ
357 2307 491 2359 θέρμοι.
505 2307 553 2347 Et
562 2320 610 2348 ex
625 2306 729 2347 Paus.
741 2308 799 2354 X,
813 2321 872 2360 33.
885 2307 1029 2346 Rr-:rrz

103 2364 175 2400 ead.
188 2361 211 2399 l.
228 2375 243 2400 1
252 2375 286 2401 2.
301 2360 461 2414 Σοῦραν)
474 2359 649 2414 (zucam,
659 2373 758 2414 quae
769 2362 991 2413 metropolis
998 2359 1162 2399 Persidis.
1177 2359 1306 2414 Vorst.)

50 2412 162 2467 Quid
182 2414 242 2454 hic
258 2415 298 2454 in
316 2424 482 2455 mentem
506 2415 758 2455 Bourdelotio
777 2417 949 2461 venerit,
967 2416 1097 2459 miror,
1119 2426 1188 2453 cur
1208 2415 1307 2454 hanc

50 2469 263 2509 editionum
280 2480 454 2509 veterum
467 2468 689 2521 scripturam
714 2481 878 2508 mutaret
893 2470 928 2507 in
952 2466 1102 2519 σοῦραν;
1125 2466 1192 2506 nisi
1206 2467 1307 2507 forte

47 2521 271 2578 imposuerit
283 2523 319 2565 ei
331 2523 467 2564 Latina
479 2536 559 2564 vox
565 2522 664 2577 sura.
676 2522 750 2564 Sed
761 2522 873 2575 cofipx
885 2522 1045 2572 Graecis
1061 2522 1192 2576 ignota
1210 2535 1308 2567 vox,
