1768 3185
278 125 347 171 IN
363 124 611 172 ΖΕυΧιΝ
633 125 756 171 VEL
773 122 1180 172 ANTIOCHUM.
1275 146 1371 193 439

95 215 303 269 vulgatum
316 228 397 256 non
417 229 573 257 moveo.
591 215 774 257 Occurrit
794 215 893 256 idem
908 215 1075 256 verbum
1091 215 1204 268 supra
1221 216 1370 270 Nigrin.

94 283 129 310 c.
145 283 194 310 10
208 283 258 310 ex
271 269 459 310 divisione
474 270 617 311 Solani.
629 270 725 311 Item
741 271 921 311 Hermot.
933 283 998 321 74.
1016 271 1064 310 Et
1080 270 1176 310 infra
1189 271 1234 310 de
1250 271 1372 325 lmag.

95 336 180 377 cap.
195 337 231 375 7.
244 324 390 364 RmTz.

147 380 225 417 ead.
245 379 270 417 l.
291 391 323 430 5.
341 377 420 417 Ἐπ’
444 374 562 418 atini]
575 376 684 428 μόνον
706 377 973 419 ἀποθύσαντες
988 377 1125 432 ism)
1146 377 1207 418 Sic
1230 378 1371 425 edunt,

92 431 201 483 quod
212 430 368 486 intelligi
382 444 463 472 nou
477 432 624 486 potest3
639 433 679 472 δι
693 432 795 485 ipsos
808 443 937 472 tamen
954 431 1054 473 reete
1069 425 1288 472 intellexisse
1303 445 1372 484 pa-

92 495 148 525 tet
172 497 223 525 ex
237 485 415 526 verfione
431 500 490 536 per
502 486 543 538 fi·
554 487 669 538 fhlum
688 500 826 526 exutum
840 487 1009 526 videatis:
1020 500 1136 540 quam
1152 498 1194 526 ut
1209 486 1371 534 habeas,

91 539 151 578 edi
170 539 302 580 debuit
321 538 604 580 ἀποδύσαντας.
627 540 773 581 GRON.
785 540 864 580 Ἐπ’
878 541 1078 594 ἐμαυτοῦ)
1091 540 1154 581 Sic
1169 541 1211 580 L.
1225 540 1268 579 In
1286 540 1370 580 aliis

91 605 214 645 prave
231 593 292 644 ἐφ’
305 589 434 633 αὐτοῦ.
455 594 613 635 SOLAN.
626 594 738 647 Quia
754 595 922 635 Solanus
941 596 1001 634 ἐπ’
1019 592 1187 645 ἐμαυτοῦ
1202 594 1309 642 vult,
1325 595 1369 635 &

89 645 279 688 Codicem
301 649 472 702 optimae
492 659 611 689 notae
635 647 907 702 suffragantem
930 648 1066 695 habet,
1091 648 1142 688 sic
1165 649 1226 687 edi
1248 649 1371 701 magis

91 699 218 754 passus
232 700 335 750 sum,
351 715 469 755 quam
484 701 567 742 iuffi
581 716 592 750 ;
607 703 744 742 melius
759 703 859 742 enim
876 702 929 742 est
942 732 952 750 ,
968 716 1082 756 quam
1097 702 1298 755 vulgatum
1314 703 1369 749 ἐφ’

89 751 222 793 αὑτοῦ·
244 768 333 795 nam
354 754 421 796 etsi
437 754 555 796 αὑτοῦ
571 769 642 809 pro
657 755 791 795 ἑαυτοῦ
801 785 815 804 ,
827 757 868 796 &
887 756 964 796 hoc
980 769 1052 809 pro
1067 756 1234 807 ἐμαυτοῦ
1250 757 1367 795 inter-

88 808 182 848 dum
196 809 322 850 valeat
333 839 344 857 ‚
361 810 421 850 hic
435 821 562 849 tamen
579 811 691 850 nimis
706 811 929 863 ambiguum
952 810 1063 850 foret.
1086 809 1234 850 Confer
1253 809 1366 862 supra

87 862 136 902 de
156 863 329 904 Merced.'
348 864 460 905 cond.
478 877 512 904 c.
528 877 588 917 19,
607 864 645 903 Εἰ
660 887 703 894 -
719 865 785 904 τὴν
801 862 939 916 »ψυχήν
954 879 1010 903 σοι
1024 864 1091 904 τὴν
1106 862 1277 915 ἐμαυτοῦ
1289 864 1368 903 ἐπι-

85 916 246 969 τρέπων.
262 917 340 958 Ubi
359 919 473 958 etiam
489 917 678 972 quaedam
693 918 776 958 edd.
791 918 933 958 habent
947 917 1097 957 ἑαυτοῦ.
1120 919 1278 972 Alioqui
1300 917 1362 957 ἐπ’

87 968 179 1020 ἐμοῦ
192 971 344 1012 mallem
356 1002 368 1021 ‚
382 973 472 1025 quia
484 972 620 1012 dubito
631 1003 643 1020 ‚
665 972 826 1013 liceatne
839 973 1082 1025 reciprocum
1095 972 1261 1022 ἐμαυτοῦ
1276 971 1366 1018 alii,

87 1037 204 1077 quam
218 1026 366 1078 primae
380 1025 565 1080 personae
579 1026 705 1073 verbi,
726 1027 943 1079 adiungere.
961 1027 1014 1066 Ut
1027 1026 1130 1066 enim
1142 1027 1295 1079 proprie
1311 1025 1365 1065 di-

86 1079 188 1118 citur
207 1080 378 1121 πέπεικα
398 1080 850 1130 {poeuvbv,1-1erodian.1‚
871 1093 934 1134 55,
953 1079 1116 1120 Συνοιὲοι
1137 1079 1306 1130 ἐμαυτῷ·
1322 1080 1364 1120 &

85 1134 197 1185 παρὰ,
211 1133 346 1174 πάντα.
359 1136 433 1180 τὶιν>
444 1132 610 1185 ἐμαυτοῦ
624 1135 698 1181 βίον
722 1131 820 1176 εἷὲὂν
832 1149 878 1175 τε
897 1135 962 1173 καὶ
979 1133 1122 1174 ἥκουσαι
1135 1165 1146 1182 ,
1161 1134 1260 1174 idem
1279 1134 1363 1173 He-

86 1187 233 1226 rodian.
247 1187 266 1227 Ι
281 1218 292 1233 ,
307 1203 329 1227 2
341 1217 353 1236 ‚
370 1201 438 1236 ¹03
455 1190 505 1227 ita
517 1188 726 1228 absurdum
740 1188 894 1228 videtur
908 1188 1033 1228 dicere
1047 1188 1157 1228 ἰἇήτε
1172 1188 1234 1227 ἐπ’
1247 1189 1362 1237 {paetu-

85 1239 170 1290 τοῦ,
189 1242 280 1294 quia
295 1241 346 1283 sic
356 1242 519 1294 persona
537 1243 646 1282 verbi
664 1243 893 1283 contradicit
905 1241 1088 1294 personae
1104 1242 1360 1295 pronominis.

86 1294 172 1348 Ego
194 1295 326 1336 saltem
349 1295 377 1335 fi
391 1297 465 1336 dici
485 1297 656 1336 nondum
672 1296 888 1337 observavi.
904 1296 987 1336 Nec
1003 1307 1128 1335 tamen
1150 1309 1252 1349 opus
1270 1309 1361 1336 cum

85 1347 270 1389 Gronov,
285 1349 547 1391 ἀποθύσαντος
565 1350 692 1404 legere
704 1381 716 1397 ,
730 1350 760 1390 st
779 1363 918 1390 exutum
937 1350 1032 1390 velis
1056 1349 1282 1404 significari,
1297 1349 1359 1390 sed

85 1402 352 1445 ἀποδύσαντες
361 1404 473 1444 *esu-te
484 1405 819 1457 coniungendum·,
834 1406 875 1445 δε
886 1404 998 1457 parvi
1011 1403 1176 1450 interest,
1187 1405 1262 1444 hoc
1275 1415 1359 1443 tum

84 1468 234 1507 vertas,
250 1471 326 1498 vos
347 1474 396 1498 me
415 1471 574 1498 exuentes
590 1459 726 1508 videtis,
746 1472 795 1499 an
808 1471 947 1498 exutum
958 1488 972 1505 ,
989 1459 1095 1512 quod
1110 1458 1174 1498 vel
1192 1459 1360 1512 apertio·

83 1523 168 1551 rem
182 1511 328 1552 sensum
342 1513 466 1552 habet.
481 1513 629 1553 Rmz.
1346 1552 1351 1555 .

139 1569 214 1605 ead.
228 1567 252 1605 l.
266 1568 304 1607 6.
316 1566 623 1621 Ἀποέύσαντες)
636 1566 747 1607 Cave
766 1567 1009 1619 obtemperes
1028 1566 1115 1606 viro
1129 1564 1249 1605 docto
1271 1577 1359 1605 mo-

83 1619 468 1662 nentidmsocmoe.
484 1620 599 1674 Quin
612 1620 882 1660 ἀποδύσαντες
901 1620 1138 1665 retinendum
1150 1651 1164 1666 ,
1185 1631 1228 1659 ut
1248 1619 1357 1657 ἀποι-

83 1674 289 1727 γοιγόντες.
303 1675 484 1722 Exuunt‚
499 1676 534 1714 h.
550 1688 583 1714 e.
596 1676 688 1715 exui
700 1675 836 1714 iubent
850 1705 864 1723 ,
878 1685 922 1714 ut
936 1674 1117 1726 inspicere
1132 1685 1256 1713 totum
1272 1672 1359 1725 pos-

83 1727 156 1767 sint
167 1757 180 1774 ,
200 1728 383 1768 athletam
397 1728 638 1783 o'vycovofle‘mc.
650 1728 923 1768 Ἀποὲύσοντος
937 1728 1062 1768 36ὶίνει
1076 1741 1179 1768 voce
1197 1728 1267 1766 vix
1286 1727 1356 1766 dici

82 1783 131 1823 de
142 1795 212 1830 eo,
226 1784 293 1835 qui
305 1783 427 1823 vestes
441 1782 519 1837 ipse
533 1783 662 1835 ponit,
677 1781 811 1836 potest.
827 1782 956 1823 stN.

135 1836 216 1877 ibid.
224 1837 552 1891 Μοιστιγώσιμος)
562 1837 674 1877 Dixit
683 1847 796 1876 antea
804 1836 845 1876 δι
856 1835 966 1889 saepe
976 1836 1111 1891 repetit
1121 1835 1169 1875 al.
1181 1836 1356 1877 Bounn.

90 1926 1132 1941 ———-———-——-—--——-——-———

240 1981 313 2026 IN
347 1980 593 2025 ZEUXIN
628 1980 756 2026 VEL
793 1978 1205 2024 ANTIOCHUM.

138 2062 229 2114 Pag.
248 2075 262 2100 1
271 2075 332 2112 24.
345 2063 368 2102 l.
383 2075 398 2101 1
407 2093 415 2101 .
428 2063 621 2109 ΖΕΥΞΙΣ)
639 2062 742 2102 Huic
754 2060 998 2101 dissertationi
1010 2060 1212 2114 (quoniam
1224 2060 1269 2099 de
1284 2059 1356 2100 hac

81 2117 197 2157 locus
217 2116 314 2156 alius
332 2116 495 2169 dicendi)
515 2129 593 2156 non
611 2117 820 2156 immoror:
841 2127 987 2167 paucae
1011 2115 1201 2154 variantes
1222 2113 1355 2164 left-io-

83 2183 153 2210 nes
166 2199 179 2218 ,
193 2169 235 2210 δι
248 2183 350 2224 quae
363 2170 546 2210 lectorem
560 2171 716 2210 avidum
729 2183 809 2209 non
823 2181 1035 2210 morentur.
1048 2169 1221 2208 Bonan.
1237 2172 1355 2219 Πρω-ο

82 2227 208 2264 λαλιὰ
219 2255 230 2273 ,
245 2234 290 2263 ut
303 2223 426 2278 supra.
441 2225 587 2264 Habita
599 2237 698 2265 vero
711 2223 777 2263 ista
788 2224 901 2263 etiam
917 2223 954 2261 in
975 2224 1125 2262 theatro
1139 2238 1146 2261 :
1162 2232 1265 2275 patet
1275 2221 1354 2261 fine

84 2277 244 2318 huiusce
257 2279 395 2318 Laliae.
410 2279 602 2319 MARcu..

137 2335 212 2372 ead.
225 2336 250 2372 l.
269 2345 302 2384 5.
318 2332 535 2383 Προο-ιόντες
547 2331 623 2385 οὖν)
637 2330 858 2385 Epanalepsi
869 2329 1024 2371 inservit
1035 2330 1125 2371 illud
1137 2326 1214 2377 οὖν,
1227 2328 1352 2369 veluti

85 2385 183 2425 infra
198 2385 350 2441 Quom.
365 2385 511 2426 conscr.
528 2386 621 2426 Hist.
638 2400 669 2426 c.
687 2385 736 2425 62
749 2415 759 2433 ‚
779 2383 1043 2435 Οἰκοέομήσοις
1056 2387 1138 2438 ’γὰρ
1158 2406 1201 2415 --
1215 2383 1354 2422 cinosa-

83 2439 213 2493 μύσας
227 2442 298 2482 ουν.
313 2441 361 2481 Et
376 2440 573 2481 Pseudom.
592 2454 673 2494 cap.
688 2453 749 2494 19,
764 2442 806 2478 τὸ
820 2439 1152 2533 ἐνδόσιμοὲλοιβὼν
1164 2461 1209 2469 -
1224 2436 1356 2478 ἐκεῖθεν

1039 2505 1058 2532 e
1088 2508 1114 2541 4
