1768 3185
246 146 343 194 ΓΝ
411 146 1176 194 HERMOTIMUM.
1252 169 1346 216 417

86 255 105 260 -ν
137 231 217 273 ibid.
228 234 431 286 ’Ἀνθροιιιάς
443 250 507 286 μοι
521 238 582 273 τὶν
596 234 803 288 θησαυρὸν)
822 234 1000 274 Erasmus
1014 236 1052 274 in
1066 249 1180 288 prov,
1197 237 1229 274 T
1225 239 1347 290 hesau-

80 301 146 326 -rus
158 289 314 327 carbones
327 300 432 327 erant.
445 290 582 328 BROD.
597 287 697 327 Infra
711 289 840 327 rursus
855 288 957 340 Ζεὺξ.
969 302 1001 328 c.
1014 303 1036 328 2
1047 288 1073 328 f.
1085 289 1242 329 SOI-AN.

81 371 84 374 Α
141 341 231 395 Pag.
245 355 308 395 95.
322 343 346 381 l.
365 357 396 381 1.
412 343 496 393 Περὶ
510 342 585 380 ’όνου
602 341 729 394 σκιᾶς)
751 341 890 381 Erasm.
905 343 944 381 in
960 345 1177 394 paroemia,
1194 345 1250 382 De
1261 346 1346 395 afini

84 396 215 435 umbra.
226 395 366 435 BROD.
379 395 577 435 Proverbii
591 395 704 434 huius
715 394 905 434 historiam
921 397 1034 435 habes
1048 409 1108 449 ap.
1119 396 1220 436 Plut.
1235 411 1248 435 ι
1260 413 1276 449 5
1288 398 1345 449 58.

85 444 365 488 Demosthenes
394 462 464 501 pro
485 450 676 488 concione
697 449 956 501 interpellatus
966 480 978 497 ‚
1003 448 1167 490 fabulam
1194 463 1348 492 narrare

83 501 219 553 incipit
231 502 277 541 de
287 502 440 542 duobus
451 503 671 542 hominibus
685 502 756 541 iter
772 515 848 541 una
863 501 1099 551 facientibus,
1117 517 1283 557 quorum
1300 505 1348 544 al-

85 565 144 593 ter
156 553 301 594 afinum
315 556 469 595 alterius
482 556 728 595 conduxerat.
740 554 932 595 Fervente
946 556 1047 596 aestu
1061 559 1107 596 de
1121 558 1257 597 umbra
1276 558 1346 597 ast-

84 608 125 646 ni
136 606 277 648 discidii
289 609 399 649 causa
413 622 496 649 orta
508 609 560 649 est
572 638 583 654 ‚
601 621 768 661 utroque
784 608 853 648 fibi
867 623 950 649 eam
964 611 1194 651 vindicante.
1207 611 1347 652 Domi-

82 674 161 701 nus
172 663 270 701 enim
285 676 442 716 operam
454 694 467 710 ,
483 676 562 702 non
577 663 752 702 umbram
765 693 776 708 ,
795 662 931 703 locasse
951 665 1093 705 aiebat:
1115 665 1177 704 ille
1198 679 1294 705 vero
1307 666 1349 706 &

83 713 121 754 id
145 728 285 768 operae
304 716 378 756 effe
400 729 543 769 partem
557 717 823 756 contendebat.
845 717 935 757 Hoc
957 718 1077 765 dieto,
1098 717 1180 758 filet
1203 718 1351 760 Demo·

40 787 51 795 ⁴
83 767 249 810 sthenes:
264 769 372 809 instat
387 771 569 824 populus,
586 769 841 822 postulatque,
856 783 897 809 ut
910 771 985 810 litis
1008 770 1122 811 finem
1136 785 1281 812 narret:
1301 774 1348 814 ad

86 834 188 873 quos
201 823 283 870 ine,
295 837 369 864 vos
380 837 476 863 vero
487 855 500 870 ,
513 825 634 877 inquit
645 854 655 871 ‚
669 824 714 862 de
729 823 818 862 afini
833 824 968 863 umbra
981 826 1110 864 audire
1123 827 1282 879 cupitis,
1302 828 1349 867 de

83 875 188 930 Rep.
202 877 343 917 dicenti
354 890 512 930 operam
528 879 615 917 dare
628 877 816 917 recusatis.
827 879 861 915 V
870 878 917 917 id.
930 879 1044 918 etiam
1056 879 1250 932 Aristoph.
1264 880 1348 921 Sch.

85 929 232 982 Σφηξὶ,
247 943 285 970 ν.
301 946 387 984 191,
402 931 440 970 <Sc
460 931 550 971 Plat.
567 931 719 970 Phaedr.
739 932 797 970 ed.
812 930 895 970 Bas.
918 945 955 984 p.
974 932 1047 971 208
1065 934 1113 972 A.
1133 933 1176 972 1n
1189 947 1349 985 prover-

85 983 194 1026 bium
207 984 342 1025 deinde
355 985 467 1034 abiit,
480 987 626 1024 derebus
639 985 737 1024 nihili
750 998 838 1024 cum
852 984 1096 1036 disceptatur,
1111 989 1216 1038 quod
1231 989 1347 1027 etiam

87 1038 187 1088 apud
200 1038 455 1078 Menandrum
467 1038 640 1079 exstitiffe
653 1039 707 1078 ait
727 1039 873 1078 Zenob.
887 1038 966 1087 Vl,
982 1040 1042 1079 28.
1055 1040 1100 1079 Et
1123 1040 1249 1081 Schol.
1267 1043 1351 1082 Ari-

87 1090 209 1143 stoph.
222 1091 246 1130 l.
261 1104 296 1131 c.
309 1092 466 1132 SOLAN.

142 1149 216 1184 ead.
227 1147 251 1185 l.
264 1144 301 1185 8.
317 1146 374 1186 Εἰς
387 1145 469 1186 ms.
479 1146 578 1199 τελ.)
590 1145 769 1197 Thucyd.
783 1146 821 1185 ἒς
839 1144 1034 1197 Φάρσαλον
1047 1146 1199 1188 ’ἐτέλεσε
1209 1178 1220 1195 ,
1237 1149 1350 1188 Phar-

80 1197 198 1251 salum
206 1201 365 1252 pervem't.
381 1200 441 1239 Εἰς
454 1199 582 1239 'nsaw
594 1199 730 1246 τελεῖν,
743 1213 814 1252 pro
827 1201 947 1239 τελεῖν
959 1201 1024 1239 τὴν
1039 1200 1133 1241 ἑέὅν.
1145 1202 1214 1243 GU
1219 1213 1310 1242 YET.

86 1281 93 1285 -
142 1255 217 1292 ead.
230 1254 251 1291 L
269 1266 283 1291 ι
294 1268 326 1304 3.
342 1253 524 1306 Ἒκθορεῑν)
544 1254 638 1292 Vox
651 1255 802 1305 poetica
814 1284 826 1299 ,
839 1267 954 1306 quarn
968 1254 1057 1293 alibi
1072 1267 1199 1295 tamen
1212 1257 1348 1296 iterum

88 1305 256 1358 usurpat.
273 1308 323 1346 V.
341 1311 406 1359 Πρ.
421 1319 458 1346 λ.
477 1320 509 1347 c.
522 1308 566 1352 6,
581 1307 720 1347 διἸστ.
739 1308 762 1352 β
777 1337 786 1353 ,
801 1320 832 1347 c.
848 1322 919 1360 353
936 1307 1005 1346 nifi
1020 1309 1124 1361 quod
1139 1310 1175 1348 in
1191 1310 1233 1349 iis
1255 1311 1349 1351 locis

44 1379 50 1398 ·.
87 1359 283 1412 ἀνοιθορεΐν,
294 1374 375 1401 non
387 1359 530 1412 ἐκθορεῖν
544 1361 692 1413 legitur.
707 1360 864 1400 SOLAN.

97 1439 99 1442 .
144 1417 218 1453 ead.
230 1415 253 1454 l.
273 1414 330 1454 16.
343 1415 448 1453 Κενήν
459 1416 669 1465 μακαρίαν)
684 1413 744 1454 Sic
757 1429 792 1467 p.
810 1428 889 1467 934
905 1414 963 1454 ed.
974 1414 1086 1454 Paris.
1097 1415 1202 1456 Talis
1220 1429 1348 1456 autem

88 1467 151 1506 illa
165 1467 240 1514 est,
260 1468 382 1521 qualis
395 1467 549 1508 felicitas
564 1467 715 1519 Micylli
729 1469 768 1506 in
784 1467 901 1508 Gallo
912 1500 923 1517 ,
945 1469 963 1507 ᾗ
987 1472 1092 1508 κατὰ.
1113 1471 1200 1509 τοὺς
1214 1467 1350 1510 ὕπνους

89 1519 314 1575 ἐγγινομένη
326 1552 338 1571 ,
353 1521 519 1561 τοιαῦτα.
532 1522 609 1560 ’τοῖς
627 1523 892 1575 ὁνειρώττουσιν
910 1520 1118 1571 ἐμποιοῦσαι
1137 1526 1190 1562 τὰ
1204 1524 1254 1563 εἰς
1266 1539 1350 1576 τρυ-

92 1576 158 1623 φὴν
170 1575 234 1614 καὶ
246 1573 445 1627 ede-tuffam,
461 1576 539 1614 κενὶι
549 1605 560 1622 ,
577 1576 634 1615 ὅτι
645 1574 764 1624 μηδὲν
777 1573 887 1615 {vrbs-
897 1574 980 1628 ἔχει
995 1577 1058 1615 καὶ
1071 1577 1235 1623 βέβαιον,
1251 1591 1350 1630 quae

90 1629 223 1668 omnia
234 1629 336 1669 τεᾶε·
347 1631 613 1682 interpretatur
626 1629 791 1681 Gregor.
807 1629 1036 1669 Nazianzeu.
1051 1631 1115 1683 qui
1131 1630 1194 1684 (ut
1206 1631 1294 1671 alibi
1306 1632 1353 1672 di-

90 1682 148 1736 xi)
162 1693 267 1723 totus
279 1682 332 1723 est
344 1684 382 1722 in
395 1683 578 1722 Luciano.
595 1684 689 1723 Bou
696 1694 769 1722 RD.

148 1736 239 1790 Pag.
251 1738 314 1789 96.
331 1737 356 1775 l.
374 1750 433 1776 10.
446 1737 509 1776 Ὧς
523 1735 595 1776 ὑπο
610 1736 676 1776 τοῦ
691 1736 870 1789 ἐρομένου)
886 1738 942 1775 Ut
952 1738 996 1775 ab
1006 1752 1042 1775 eo
1053 1766 1062 1785 ‚
1075 1739 1132 1790 qui
1146 1740 1208 1778 hoc
1216 1754 1358 1792 percon·

93 1802 196 1829 tatur.
215 1791 354 1830 BRon.

97 1874 102 1877 .
149 1843 241 1897 Pag.
255 1857 318 1896 97.
332 1845 355 1882 l.
367 1859 404 1892 4.
417 1843 698 1896 Παραπέμψει)
711 1842 828 1883 Conf.
842 1841 940 1882 infra
953 1850 1037 1882 Δικ.
1051 1857 1082 1883 c.
1103 1858 1137 1892 1,
1155 1839 1253 1897 Εόχ.
1267 1858 1300 1885 c.
1320 1859 1353 1894 1,

94 1897 174 1937 Ἐπ’.
184 1902 278 1949 Κρον.
291 1909 325 1936 c.
347 1910 406 1946 17,
421 1898 462 1938 δι
473 1895 604 1949 ‘kl-nup.
622 1898 728 1936 «Γιοιλ.
738 1910 770 1937 c.
788 1911 820 1935 1.
835 1897 992 1936 SOLAN.

97 1972 102 1993 z
146 1955 220 1990 ead.
233 1952 257 1990 l.
275 1966 307 2003 5.
321 1953 378 1990 Τὲι
390 1950 510 2003 κοινὰ)
526 1950 645 2003 Quae
658 1964 679 1990 a
691 1950 827 1991 Stoicis
838 1952 1044 2004 paradoxis
1063 1952 1202 1992 merito
1216 1953 1354 1993 abhor-

93 2015 192 2044 rent.
211 2005 352 2044 BRon.

148 2060 222 2097 ead.
238 2059 263 2097 l.
275 2072 312 2108 7.
322 2056 633 2110 Ἱπποκενταύρων
649 2058 712 2097 atati
727 2056 943 2110 χιμαιρῶν)
961 2057 1099 2110 Virgil.
1110 2058 1168 2098 VI
1183 2059 1281 2099 Aen.
1301 2059 1356 2100 fa·

95 2112 148 2150 cit
158 2110 375 2152 Centauros
388 2111 429 2151 δι
443 2112 591 2164 Scyllas
603 2112 638 2150 in
649 2110 836 2150 infernum
852 2110 1040 2150 vestibulo
1051 2111 1249 2157 stabulare,
1264 2126 1354 2153 cum

95 2165 262 2205 somniis.
276 2165 495 2205 Centauros
507 2166 547 2206 δι
561 2164 804 2205 Chimaeram
820 2163 929 2205 fuiffe
942 2177 1054 2217 negat
1066 2164 1214 2206 Lucret.
1230 2167 1272 2206 L.
1293 2166 1354 2208 IV

97 2219 140 2259 δι
154 2220 204 2259 V.
220 2218 366 2260 COGN.

101 2293 120 2315 .>
153 2275 226 2313 ead.
239 2273 264 2312 l.
283 2272 387 2322 14.''H
405 2271 472 2312 τὴν
490 2267 664 2323 Οὖροινίοιν
680 2267 849 2324 εἷναιΥΗ
863 2270 926 2310 τὶν
942 2267 1118 2322 Οὖροινίοιν
1132 2272 1263 2313 ἐκείνην
1278 2274 1353 2315 διε.

98 2338 238 2380 nempe
248 2325 480 2378 Ἀφροδίτην.
495 2326 680 2365 MAch..
702 2324 765 2364 De
779 2324 898 2364 statua
915 2325 1082 2376 intellige
1093 2355 1104 2374 ,
1119 2339 1220 2378 quae
1234 2328 1356 2368 Athe-

97 2381 157 2424 nis
168 2379 461 2420 celebratiffima.
473 2380 523 2418 V.
540 2378 682 2420 Meurs.
697 2378 787 2418 AG.
802 2378 874 2426 lv,
895 2378 984 2431 830.
1010 2377 1262 2420 Simulacrum
1274 2393 1356 2422 erat

97 2445 372 2481 marmoreum,
385 2433 537 2472 Phidiae
550 2446 658 2486 opus.
676 2432 765 2471 Erat
779 2431 820 2471 &
832 2431 930 2471 aliud
945 2431 1167 2473 Alcamenis
1177 2463 1188 2482 ,
1203 2433 1256 2474 ib.
1268 2433 1359 2487 855.

174 2487 319 2527 Lucian.
346 2489 424 2526 Vol.
443 2486 466 2524 I
468 2489 507 2524 V.
1036 2483 1075 2523 D
1091 2486 1112 2524 d
