<?xml version="1.0" encoding="UTF-8"?>
<!DOCTYPE html PUBLIC "-//W3C//DTD XHTML 1.0 Transitional//EN"
    "http://www.w3.org/TR/xhtml1/DTD/xhtml1-transitional.dtd">
<html xmlns="http://www.w3.org/1999/xhtml" xml:lang="en" lang="en">
 <head>
  <title>
</title>
<meta http-equiv="Content-Type" content="text/html;charset=utf-8" />
  <meta name='ocr-system' content='tesseract 3.04.00' />
  <meta name='ocr-capabilities' content='ocr_page ocr_carea ocr_par ocr_line ocrx_word'/>
</head>
<body>
  <div class='ocr_page' id='page_1' title='image "./operagraeceetlat04luciuoft/operagraeceetlat04luciuoft_0475.png"; bbox 0 0 1768 3185; ppageno 0'>
   <div class='ocr_carea' id='block_1_1' title="bbox 181 187 1289 255">
    <p class='ocr_par' dir='ltr' id='par_1_1' title="bbox 181 187 1289 255">
     <span class='ocr_line' id='line_1_1' title="bbox 181 187 1289 255; baseline -0.002 -20"><span class='ocrx_word' id='word_1_1' title='bbox 181 187 251 235; x_wconf 89' lang='lat' dir='ltr'><strong>IN</strong></span> <span class='ocrx_word' id='word_1_2' title='bbox 288 187 597 236; x_wconf 77' lang='lat' dir='ltr'>SCYTHAM</span> <span class='ocrx_word' id='word_1_3' title='bbox 633 188 747 234; x_wconf 82' lang='lat' dir='ltr'><strong>SEU</strong></span> <span class='ocrx_word' id='word_1_4' title='bbox 784 187 1127 235; x_wconf 80' lang='lat' dir='ltr'><strong>HOSPITEM.</strong></span> <span class='ocrx_word' id='word_1_5' title='bbox 1194 196 1289 255; x_wconf 80' lang='lat'><strong>467</strong></span> 
     </span>
    </p>
   </div>
   <div class='ocr_carea' id='block_1_2' title="bbox 0 273 1376 1572">
    <p class='ocr_par' dir='ltr' id='par_1_2' title="bbox 0 273 1376 1572">
     <span class='ocr_line' id='line_1_2' title="bbox 71 273 1290 330; baseline 0.001 -12"><span class='ocrx_word' id='word_1_6' title='bbox 71 279 146 318; x_wconf 77' lang='lat' dir='ltr'><strong>ead.</strong></span> <span class='ocrx_word' id='word_1_7' title='bbox 158 278 183 317; x_wconf 82' lang='lat' dir='ltr'><strong>l.</strong></span> <span class='ocrx_word' id='word_1_8' title='bbox 202 291 217 317; x_wconf 91' lang='lat'>1</span> <span class='ocrx_word' id='word_1_9' title='bbox 228 290 262 326; x_wconf 81' lang='grc' dir='ltr'><strong>ς.</strong></span> <span class='ocrx_word' id='word_1_10' title='bbox 286 275 440 330; x_wconf 70' lang='grc' dir='ltr'><strong>Δεῖξοιι)</strong></span> <span class='ocrx_word' id='word_1_11' title='bbox 465 277 536 317; x_wconf 69' lang='grc' dir='ltr'><strong>Καὶ</strong></span> <span class='ocrx_word' id='word_1_12' title='bbox 552 280 593 315; x_wconf 64' lang='grc' dir='ltr'><strong>τὸ</strong></span> <span class='ocrx_word' id='word_1_13' title='bbox 606 276 675 328; x_wconf 82' lang='grc' dir='ltr'><strong>μὲν</strong></span> <span class='ocrx_word' id='word_1_14' title='bbox 693 276 822 329; x_wconf 50' lang='lat' dir='ltr'><strong>seiger</strong></span> <span class='ocrx_word' id='word_1_15' title='bbox 835 276 906 316; x_wconf 72' lang='grc' dir='ltr'><strong>τῶν</strong></span> <span class='ocrx_word' id='word_1_16' title='bbox 917 277 1041 330; x_wconf 63' lang='grc' dir='ltr'><strong><em>λόγων</em></strong></span> <span class='ocrx_word' id='word_1_17' title='bbox 1054 273 1153 327; x_wconf 78' lang='grc' dir='ltr'><strong><em>ὑμῖν,</em></strong></span> <span class='ocrx_word' id='word_1_18' title='bbox 1170 278 1241 327; x_wconf 87' lang='lat' dir='ltr'><strong>est,</strong></span> <span class='ocrx_word' id='word_1_19' title='bbox 1255 282 1290 319; x_wconf 60' lang='grc' dir='ltr'><strong>δν</strong></span> 
     </span>
     <span class='ocr_line' id='line_1_3' title="bbox 13 330 1292 386; baseline 0.001 -14"><span class='ocrx_word' id='word_1_20' title='bbox 13 330 183 386; x_wconf 80' lang='lat' dir='ltr'><em>specimen</em></span> <span class='ocrx_word' id='word_1_21' title='bbox 205 333 285 371; x_wconf 60' lang='lat' dir='ltr'><strong>dare</strong></span> <span class='ocrx_word' id='word_1_22' title='bbox 308 346 455 371; x_wconf 74' lang='lat' dir='ltr'><strong>mearum</strong></span> <span class='ocrx_word' id='word_1_23' title='bbox 475 332 678 370; x_wconf 67' lang='lat' dir='ltr'><strong>orationum.</strong></span> <span class='ocrx_word' id='word_1_24' title='bbox 706 332 770 371; x_wconf 83' lang='lat' dir='ltr'><strong>Sic</strong></span> <span class='ocrx_word' id='word_1_25' title='bbox 792 330 993 383; x_wconf 60' lang='grc' dir='ltr'><strong>ἀπὲἒειξις</strong></span> <span class='ocrx_word' id='word_1_26' title='bbox 1010 330 1065 370; x_wconf 88' lang='lat' dir='ltr'><strong>est</strong></span> <span class='ocrx_word' id='word_1_27' title='bbox 1087 330 1292 382; x_wconf 84' lang='lat' dir='ltr'><strong>specimen.</strong></span> 
     </span>
     <span class='ocr_line' id='line_1_4' title="bbox 21 383 1293 438; baseline -0.002 -11"><span class='ocrx_word' id='word_1_28' title='bbox 21 385 124 428; x_wconf 87' lang='lat' dir='ltr'><strong>Usus</strong></span> <span class='ocrx_word' id='word_1_29' title='bbox 138 386 251 425; x_wconf 84' lang='lat' dir='ltr'><strong>etiam</strong></span> <span class='ocrx_word' id='word_1_30' title='bbox 259 384 478 424; x_wconf 80' lang='lat' dir='ltr'>Petronius:</span> <span class='ocrx_word' id='word_1_31' title='bbox 494 387 591 438; x_wconf 80' lang='lat' dir='ltr'><strong>Rogo</strong></span> <span class='ocrx_word' id='word_1_32' title='bbox 605 399 650 431; x_wconf 83' lang='lat' dir='ltr'><strong>te,</strong></span> <span class='ocrx_word' id='word_1_33' title='bbox 663 386 746 423; x_wconf 75' lang='lat' dir='ltr'><strong>milii</strong></span> <span class='ocrx_word' id='word_1_34' title='bbox 758 386 924 438; x_wconf 81' lang='lat' dir='ltr'><em>apodixin</em></span> <span class='ocrx_word' id='word_1_35' title='bbox 937 383 1176 436; x_wconf 70' lang='lat' dir='ltr'><strong>defimtlon‘am</strong></span> <span class='ocrx_word' id='word_1_36' title='bbox 1186 389 1293 434; x_wconf 80' lang='lat' dir='ltr'><em>redde,</em></span> 
     </span>
     <span class='ocr_line' id='line_1_5' title="bbox 19 437 1295 492; baseline -0.002 -11"><span class='ocrx_word' id='word_1_37' title='bbox 19 440 100 481; x_wconf 87' lang='lat' dir='ltr'><strong>hoc</strong></span> <span class='ocrx_word' id='word_1_38' title='bbox 112 437 166 480; x_wconf 89' lang='lat' dir='ltr'><strong>est</strong></span> <span class='ocrx_word' id='word_1_39' title='bbox 177 468 190 487; x_wconf 97' lang='lat'>‚</span> <span class='ocrx_word' id='word_1_40' title='bbox 211 439 281 478; x_wconf 88' lang='lat' dir='ltr'><strong>ede</strong></span> <span class='ocrx_word' id='word_1_41' title='bbox 293 438 381 478; x_wconf 89' lang='lat' dir='ltr'><strong>leve</strong></span> <span class='ocrx_word' id='word_1_42' title='bbox 394 439 549 491; x_wconf 77' lang='lat' dir='ltr'>aliquod</span> <span class='ocrx_word' id='word_1_43' title='bbox 566 439 755 491; x_wconf 86' lang='lat' dir='ltr'><strong>specimen</strong></span> <span class='ocrx_word' id='word_1_44' title='bbox 768 470 781 486; x_wconf 88' lang='lat'><em>,</em></span> <span class='ocrx_word' id='word_1_45' title='bbox 805 451 850 478; x_wconf 92' lang='lat' dir='ltr'><strong>ut</strong></span> <span class='ocrx_word' id='word_1_46' title='bbox 870 439 971 478; x_wconf 64' lang='lat' dir='ltr'><strong>recte</strong></span> <span class='ocrx_word' id='word_1_47' title='bbox 985 440 1147 492; x_wconf 85' lang='lat' dir='ltr'><strong>exponit</strong></span> <span class='ocrx_word' id='word_1_48' title='bbox 1159 439 1216 479; x_wconf 89' lang='lat' dir='ltr'><strong>Io.</strong></span> <span class='ocrx_word' id='word_1_49' title='bbox 1232 440 1295 479; x_wconf 89' lang='lat' dir='ltr'><strong>Fr.</strong></span> 
     </span>
     <span class='ocr_line' id='line_1_6' title="bbox 21 492 1295 546; baseline -0.003 -11"><span class='ocrx_word' id='word_1_50' title='bbox 21 493 258 536; x_wconf 86' lang='lat' dir='ltr'><strong>Gronovius</strong></span> <span class='ocrx_word' id='word_1_51' title='bbox 272 493 393 531; x_wconf 84' lang='lat' dir='ltr'><strong>lib.1v</strong></span> <span class='ocrx_word' id='word_1_52' title='bbox 409 492 574 532; x_wconf 88' lang='lat' dir='ltr'><strong>Observ.</strong></span> <span class='ocrx_word' id='word_1_53' title='bbox 589 505 672 545; x_wconf 89' lang='lat' dir='ltr'><strong>cap.</strong></span> <span class='ocrx_word' id='word_1_54' title='bbox 691 507 704 531; x_wconf 89' lang='lat'>1</span> <span class='ocrx_word' id='word_1_55' title='bbox 715 508 747 546; x_wconf 79' lang='lat'><strong>3.</strong></span> <span class='ocrx_word' id='word_1_56' title='bbox 761 492 932 533; x_wconf 71' lang='lat' dir='ltr'><strong>GRAEV.</strong></span> <span class='ocrx_word' id='word_1_57' title='bbox 943 493 1076 532; x_wconf 85' lang='lat' dir='ltr'>Malim</span> <span class='ocrx_word' id='word_1_58' title='bbox 1091 492 1220 545; x_wconf 54' lang='grc' dir='ltr'><strong>δεῖξαι</strong></span> <span class='ocrx_word' id='word_1_59' title='bbox 1234 498 1295 531; x_wconf 67' lang='grc' dir='ltr'><strong>τὸν</strong></span> 
     </span>
     <span class='ocr_line' id='line_1_7' title="bbox 21 539 1296 599; baseline -0.001 -11"><span class='ocrx_word' id='word_1_60' title='bbox 21 547 63 588; x_wconf 86' lang='grc' dir='ltr'><strong>λ’</strong></span> <span class='ocrx_word' id='word_1_61' title='bbox 99 563 149 595; x_wconf 84' lang='grc' dir='ltr'><strong>ον,</strong></span> <span class='ocrx_word' id='word_1_62' title='bbox 158 546 247 587; x_wconf 88' lang='lat' dir='ltr'><strong>utin</strong></span> <span class='ocrx_word' id='word_1_63' title='bbox 263 546 455 599; x_wconf 87' lang='lat' dir='ltr'><strong>principio</strong></span> <span class='ocrx_word' id='word_1_64' title='bbox 464 546 643 586; x_wconf 83' lang='lat' dir='ltr'><strong>Zeuxidis</strong></span> <span class='ocrx_word' id='word_1_65' title='bbox 653 547 688 586; x_wconf 73' lang='grc' dir='ltr'><strong>δι</strong></span> <span class='ocrx_word' id='word_1_66' title='bbox 701 547 802 586; x_wconf 89' lang='lat' dir='ltr'><strong>alias.</strong></span> <span class='ocrx_word' id='word_1_67' title='bbox 817 547 888 587; x_wconf 82' lang='lat' dir='ltr'><strong>Sed</strong></span> <span class='ocrx_word' id='word_1_68' title='bbox 899 559 968 586; x_wconf 88' lang='lat' dir='ltr'><strong>nec</strong></span> <span class='ocrx_word' id='word_1_69' title='bbox 983 548 1164 586; x_wconf 83' lang='lat' dir='ltr'><strong>damnare</strong></span> <span class='ocrx_word' id='word_1_70' title='bbox 1176 539 1296 587; x_wconf 81' lang='lat' dir='ltr'><strong>ausiin</strong></span> 
     </span>
     <span class='ocr_line' id='line_1_8' title="bbox 0 563 1296 653; baseline 0 -13"><span class='ocrx_word' id='word_1_71' title='bbox 0 614 1 634; x_wconf 54' lang='lat' dir='ltr'>i</span> <span class='ocrx_word' id='word_1_72' title='bbox 21 563 152 653; x_wconf 57' lang='lat'><strong>522„</strong></span> <span class='ocrx_word' id='word_1_73' title='bbox 166 599 358 653; x_wconf 56' lang='grc' dir='ltr'>(δεῖγμα.)</span> <span class='ocrx_word' id='word_1_74' title='bbox 370 599 440 638; x_wconf 72' lang='grc' dir='ltr'><strong>τῶν</strong></span> <span class='ocrx_word' id='word_1_75' title='bbox 462 601 599 652; x_wconf 61' lang='grc' dir='ltr'><strong>λόγων,</strong></span> <span class='ocrx_word' id='word_1_76' title='bbox 614 601 676 640; x_wconf 87' lang='lat' dir='ltr'><strong>vel</strong></span> <span class='ocrx_word' id='word_1_77' title='bbox 691 600 818 651; x_wconf 59' lang='grc' dir='ltr'><strong>ἕεῑξαι</strong></span> <span class='ocrx_word' id='word_1_78' title='bbox 838 601 915 652; x_wconf 87' lang='grc' dir='ltr'><strong><em>(τι)</em></strong></span> <span class='ocrx_word' id='word_1_79' title='bbox 929 600 1002 639; x_wconf 73' lang='grc' dir='ltr'><strong>τῶν</strong></span> <span class='ocrx_word' id='word_1_80' title='bbox 1016 603 1150 653; x_wconf 55' lang='grc' dir='ltr'><strong><em>λόγων.</em></strong></span> <span class='ocrx_word' id='word_1_81' title='bbox 1169 601 1296 642; x_wconf 73' lang='lat' dir='ltr'><strong>GESN.</strong></span> 
     </span>
     <span class='ocr_line' id='line_1_9' title="bbox 82 653 1294 708; baseline 0 -14"><span class='ocrx_word' id='word_1_82' title='bbox 82 656 170 708; x_wconf 82' lang='lat' dir='ltr'><strong>Pag.</strong></span> <span class='ocrx_word' id='word_1_83' title='bbox 188 656 274 706; x_wconf 86' lang='lat'><strong>156.</strong></span> <span class='ocrx_word' id='word_1_84' title='bbox 289 654 312 692; x_wconf 93' lang='lat' dir='ltr'><strong>l.</strong></span> <span class='ocrx_word' id='word_1_85' title='bbox 328 668 362 707; x_wconf 86' lang='lat'><strong>3.</strong></span> <span class='ocrx_word' id='word_1_86' title='bbox 387 653 740 708; x_wconf 57' lang='grc' dir='ltr'><strong>Ἐπιγροιψέιμενοὴ</strong></span> <span class='ocrx_word' id='word_1_87' title='bbox 766 655 823 694; x_wconf 83' lang='lat' dir='ltr'><strong>Ex</strong></span> <span class='ocrx_word' id='word_1_88' title='bbox 838 655 878 694; x_wconf 95' lang='lat' dir='ltr'><strong>L.</strong></span> <span class='ocrx_word' id='word_1_89' title='bbox 898 656 989 694; x_wconf 82' lang='lat' dir='ltr'><strong>haec</strong></span> <span class='ocrx_word' id='word_1_90' title='bbox 1010 654 1207 706; x_wconf 86' lang='lat' dir='ltr'><strong>scriptura.</strong></span> <span class='ocrx_word' id='word_1_91' title='bbox 1231 655 1294 694; x_wconf 84' lang='lat' dir='ltr'><strong>Sic</strong></span> 
     </span>
     <span class='ocr_line' id='line_1_10' title="bbox 23 707 1298 761; baseline -0.002 -11"><span class='ocrx_word' id='word_1_92' title='bbox 23 714 110 750; x_wconf 81' lang='grc' dir='ltr'><strong><em>Διιι.</em></strong></span> <span class='ocrx_word' id='word_1_93' title='bbox 123 722 157 748; x_wconf 92' lang='lat' dir='ltr'><strong>c.</strong></span> <span class='ocrx_word' id='word_1_94' title='bbox 171 721 235 759; x_wconf 89' lang='lat'><strong>29,</strong></span> <span class='ocrx_word' id='word_1_95' title='bbox 247 708 290 748; x_wconf 86' lang='lat'>&amp;</span> <span class='ocrx_word' id='word_1_96' title='bbox 303 712 388 758; x_wconf 82' lang='grc' dir='ltr'><strong><em>Περ.</em></strong></span> <span class='ocrx_word' id='word_1_97' title='bbox 399 720 430 746; x_wconf 93' lang='lat' dir='ltr'><strong>c.</strong></span> <span class='ocrx_word' id='word_1_98' title='bbox 450 722 464 746; x_wconf 86' lang='lat'>1</span> <span class='ocrx_word' id='word_1_99' title='bbox 477 722 509 747; x_wconf 86' lang='lat'><strong>1.</strong></span> <span class='ocrx_word' id='word_1_100' title='bbox 521 707 678 747; x_wconf 69' lang='lat' dir='ltr'><strong>SOI-AN.</strong></span> <span class='ocrx_word' id='word_1_101' title='bbox 694 708 766 747; x_wconf 81' lang='lat' dir='ltr'><strong>Etsi</strong></span> <span class='ocrx_word' id='word_1_102' title='bbox 783 721 861 747; x_wconf 89' lang='lat' dir='ltr'><strong>non</strong></span> <span class='ocrx_word' id='word_1_103' title='bbox 877 708 1058 761; x_wconf 86' lang='lat' dir='ltr'><strong>improbo</strong></span> <span class='ocrx_word' id='word_1_104' title='bbox 1073 709 1298 761; x_wconf 85' lang='lat' dir='ltr'><strong>scripturam</strong></span> 
     </span>
     <span class='ocr_line' id='line_1_11' title="bbox 23 761 1298 814; baseline -0.002 -10"><span class='ocrx_word' id='word_1_105' title='bbox 23 762 125 804; x_wconf 86' lang='lat' dir='ltr'><strong>Cod.</strong></span> <span class='ocrx_word' id='word_1_106' title='bbox 146 762 188 802; x_wconf 91' lang='lat' dir='ltr'><strong>L.</strong></span> <span class='ocrx_word' id='word_1_107' title='bbox 201 761 529 814; x_wconf 53' lang='grc' dir='ltr'><strong>ἐπιγραψάμενος,</strong></span> <span class='ocrx_word' id='word_1_108' title='bbox 544 774 624 801; x_wconf 91' lang='lat' dir='ltr'><strong>non</strong></span> <span class='ocrx_word' id='word_1_109' title='bbox 639 774 767 801; x_wconf 82' lang='lat' dir='ltr'><strong>tamen</strong></span> <span class='ocrx_word' id='word_1_110' title='bbox 783 763 870 801; x_wconf 91' lang='lat' dir='ltr'><strong>ideo</strong></span> <span class='ocrx_word' id='word_1_111' title='bbox 882 775 970 801; x_wconf 90' lang='lat' dir='ltr'><strong>cum</strong></span> <span class='ocrx_word' id='word_1_112' title='bbox 985 762 1130 802; x_wconf 84' lang='lat' dir='ltr'><strong>Solano</strong></span> <span class='ocrx_word' id='word_1_113' title='bbox 1144 763 1247 803; x_wconf 90' lang='lat' dir='ltr'><strong>illico</strong></span> <span class='ocrx_word' id='word_1_114' title='bbox 1259 764 1298 802; x_wconf 85' lang='lat' dir='ltr'><strong>in</strong></span> 
     </span>
     <span class='ocr_line' id='line_1_12' title="bbox 24 814 1298 867; baseline -0.001 -10"><span class='ocrx_word' id='word_1_115' title='bbox 24 824 174 857; x_wconf 87' lang='lat' dir='ltr'><strong>textum</strong></span> <span class='ocrx_word' id='word_1_116' title='bbox 194 816 342 867; x_wconf 82' lang='lat' dir='ltr'><strong>recipio</strong></span> <span class='ocrx_word' id='word_1_117' title='bbox 355 845 369 861; x_wconf 89' lang='lat'>,</span> <span class='ocrx_word' id='word_1_118' title='bbox 392 826 528 855; x_wconf 87' lang='lat' dir='ltr'><strong>contra</strong></span> <span class='ocrx_word' id='word_1_119' title='bbox 546 814 814 855; x_wconf 66' lang='lat' dir='ltr'><strong>auctoritatem</strong></span> <span class='ocrx_word' id='word_1_120' title='bbox 834 827 1053 856; x_wconf 84' lang='lat' dir='ltr'><strong>ceterorum</strong></span> <span class='ocrx_word' id='word_1_121' title='bbox 1066 815 1189 856; x_wconf 89' lang='lat' dir='ltr'><strong>Codd.</strong></span> <span class='ocrx_word' id='word_1_122' title='bbox 1208 830 1298 856; x_wconf 83' lang='lat' dir='ltr'><strong>cum</strong></span> 
     </span>
     <span class='ocr_line' id='line_1_13' title="bbox 28 868 1298 923; baseline 0 -13"><span class='ocrx_word' id='word_1_123' title='bbox 28 870 125 910; x_wconf 88' lang='lat' dir='ltr'><strong>nihil</strong></span> <span class='ocrx_word' id='word_1_124' title='bbox 140 869 289 909; x_wconf 85' lang='lat' dir='ltr'><strong>absurdi</strong></span> <span class='ocrx_word' id='word_1_125' title='bbox 304 870 445 908; x_wconf 85' lang='lat' dir='ltr'><strong>habeat</strong></span> <span class='ocrx_word' id='word_1_126' title='bbox 459 869 634 922; x_wconf 84' lang='lat' dir='ltr'><strong>vulgata:</strong></span> <span class='ocrx_word' id='word_1_127' title='bbox 650 870 702 910; x_wconf 88' lang='lat' dir='ltr'><strong>sic</strong></span> <span class='ocrx_word' id='word_1_128' title='bbox 715 870 842 910; x_wconf 86' lang='lat' dir='ltr'><strong>saltem</strong></span> <span class='ocrx_word' id='word_1_129' title='bbox 854 870 951 923; x_wconf 89' lang='lat' dir='ltr'><strong>apud</strong></span> <span class='ocrx_word' id='word_1_130' title='bbox 961 868 1128 923; x_wconf 85' lang='lat' dir='ltr'><strong>Gregor.</strong></span> <span class='ocrx_word' id='word_1_131' title='bbox 1139 870 1298 923; x_wconf 86' lang='lat' dir='ltr'><strong>Nyffen.</strong></span> 
     </span>
     <span class='ocr_line' id='line_1_14' title="bbox 26 922 1301 978; baseline -0.001 -13"><span class='ocrx_word' id='word_1_132' title='bbox 26 923 139 965; x_wconf 88' lang='lat' dir='ltr'><strong>Orat.</strong></span> <span class='ocrx_word' id='word_1_133' title='bbox 152 922 305 963; x_wconf 87' lang='lat' dir='ltr'><strong>funebr.</strong></span> <span class='ocrx_word' id='word_1_134' title='bbox 321 924 357 962; x_wconf 84' lang='lat' dir='ltr'><strong>in</strong></span> <span class='ocrx_word' id='word_1_135' title='bbox 373 923 552 963; x_wconf 89' lang='lat' dir='ltr'><strong>Basilium</strong></span> <span class='ocrx_word' id='word_1_136' title='bbox 566 923 615 963; x_wconf 92' lang='lat' dir='ltr'><strong>T.</strong></span> <span class='ocrx_word' id='word_1_137' title='bbox 628 923 704 971; x_wconf 87' lang='lat'>111,</span> <span class='ocrx_word' id='word_1_138' title='bbox 720 938 755 978; x_wconf 87' lang='lat' dir='ltr'><strong>p.</strong></span> <span class='ocrx_word' id='word_1_139' title='bbox 771 923 850 972; x_wconf 84' lang='lat'><strong>480</strong></span> <span class='ocrx_word' id='word_1_140' title='bbox 861 954 874 970; x_wconf 88' lang='lat'>,</span> <span class='ocrx_word' id='word_1_141' title='bbox 898 925 1199 976; x_wconf 60' lang='grc' dir='ltr'><strong>συγγράφεσθαι</strong></span> <span class='ocrx_word' id='word_1_142' title='bbox 1213 938 1301 970; x_wconf 76' lang='grc' dir='ltr'><strong><em>τινι,</em></strong></span> 
     </span>
     <span class='ocr_line' id='line_1_15' title="bbox 27 977 1300 1030; baseline -0.002 -11"><span class='ocrx_word' id='word_1_143' title='bbox 27 979 136 1030; x_wconf 76' lang='lat' dir='ltr'><strong>operis</strong></span> <span class='ocrx_word' id='word_1_144' title='bbox 141 977 276 1030; x_wconf 74' lang='lat' dir='ltr'><strong>siicium</strong></span> <span class='ocrx_word' id='word_1_145' title='bbox 295 977 460 1028; x_wconf 73' lang='lat' dir='ltr'><strong>adscribi,</strong></span> <span class='ocrx_word' id='word_1_146' title='bbox 476 978 644 1017; x_wconf 87' lang='lat' dir='ltr'><strong>inveniri</strong></span> <span class='ocrx_word' id='word_1_147' title='bbox 657 1008 669 1024; x_wconf 95' lang='lat'>,</span> <span class='ocrx_word' id='word_1_148' title='bbox 687 977 788 1017; x_wconf 84' lang='lat' dir='ltr'><strong>testis</strong></span> <span class='ocrx_word' id='word_1_149' title='bbox 800 977 852 1016; x_wconf 86' lang='lat' dir='ltr'><strong>est</strong></span> <span class='ocrx_word' id='word_1_150' title='bbox 863 977 1046 1017; x_wconf 89' lang='lat' dir='ltr'><strong>Suicerus</strong></span> <span class='ocrx_word' id='word_1_151' title='bbox 1061 979 1100 1016; x_wconf 89' lang='lat' dir='ltr'><strong>in</strong></span> <span class='ocrx_word' id='word_1_152' title='bbox 1113 977 1265 1017; x_wconf 82' lang='lat' dir='ltr'><strong>Thesau</strong></span> <span class='ocrx_word' id='word_1_153' title='bbox 1272 992 1300 1017; x_wconf 87' lang='lat' dir='ltr'><strong>r.</strong></span> 
     </span>
     <span class='ocr_line' id='line_1_16' title="bbox 28 1030 1302 1084; baseline -0.003 -10"><span class='ocrx_word' id='word_1_154' title='bbox 28 1031 172 1074; x_wconf 85' lang='lat' dir='ltr'><strong>Eccles.</strong></span> <span class='ocrx_word' id='word_1_155' title='bbox 185 1031 286 1070; x_wconf 87' lang='lat' dir='ltr'><strong>Vide</strong></span> <span class='ocrx_word' id='word_1_156' title='bbox 300 1033 412 1070; x_wconf 87' lang='lat' dir='ltr'><strong>etiam</strong></span> <span class='ocrx_word' id='word_1_157' title='bbox 426 1030 463 1070; x_wconf 89' lang='lat' dir='ltr'><strong>P.</strong></span> <span class='ocrx_word' id='word_1_158' title='bbox 479 1030 702 1084; x_wconf 68' lang='lat' dir='ltr'><strong>W&#39;effeling.</strong></span> <span class='ocrx_word' id='word_1_159' title='bbox 714 1031 808 1072; x_wconf 87' lang='lat' dir='ltr'><strong>Obs.</strong></span> <span class='ocrx_word' id='word_1_160' title='bbox 823 1031 877 1080; x_wconf 83' lang='lat'><strong>11,</strong></span> <span class='ocrx_word' id='word_1_161' title='bbox 888 1032 912 1070; x_wconf 92' lang='grc'>6</span> <span class='ocrx_word' id='word_1_162' title='bbox 925 1062 936 1079; x_wconf 89' lang='grc'><em>,</em></span> <span class='ocrx_word' id='word_1_163' title='bbox 951 1044 1036 1084; x_wconf 84' lang='lat' dir='ltr'><strong>pag.</strong></span> <span class='ocrx_word' id='word_1_164' title='bbox 1056 1033 1126 1071; x_wconf 86' lang='lat'><strong>162</strong></span> <span class='ocrx_word' id='word_1_165' title='bbox 1138 1062 1149 1079; x_wconf 86' lang='lat'>,</span> <span class='ocrx_word' id='word_1_166' title='bbox 1164 1031 1302 1084; x_wconf 86' lang='lat' dir='ltr'><strong>(quem</strong></span> 
     </span>
     <span class='ocr_line' id='line_1_17' title="bbox 27 1084 1304 1139; baseline -0.001 -13"><span class='ocrx_word' id='word_1_167' title='bbox 27 1084 305 1126; x_wconf 87' lang='lat' dir='ltr'><strong>consulendum</strong></span> <span class='ocrx_word' id='word_1_168' title='bbox 323 1084 536 1124; x_wconf 86' lang='lat' dir='ltr'><strong>Hemsteth.</strong></span> <span class='ocrx_word' id='word_1_169' title='bbox 552 1086 590 1123; x_wconf 90' lang='lat' dir='ltr'><strong>in</strong></span> <span class='ocrx_word' id='word_1_170' title='bbox 603 1099 720 1139; x_wconf 82' lang='lat' dir='ltr'><strong>marg.</strong></span> <span class='ocrx_word' id='word_1_171' title='bbox 739 1085 960 1138; x_wconf 86' lang='lat' dir='ltr'><strong>monuerat)</strong></span> <span class='ocrx_word' id='word_1_172' title='bbox 988 1086 1052 1124; x_wconf 87' lang='lat' dir='ltr'><strong>ubi</strong></span> <span class='ocrx_word' id='word_1_173' title='bbox 1073 1087 1102 1124; x_wconf 90' lang='lat' dir='ltr'><strong>is</strong></span> <span class='ocrx_word' id='word_1_174' title='bbox 1123 1087 1304 1138; x_wconf 84' lang='lat' dir='ltr'><strong>interpre-</strong></span> 
     </span>
     <span class='ocr_line' id='line_1_18' title="bbox 29 1133 1305 1192; baseline 0 -13"><span class='ocrx_word' id='word_1_175' title='bbox 29 1151 108 1180; x_wconf 85' lang='lat' dir='ltr'><strong>tem</strong></span> <span class='ocrx_word' id='word_1_176' title='bbox 125 1140 162 1178; x_wconf 89' lang='lat' dir='ltr'><strong>in</strong></span> <span class='ocrx_word' id='word_1_177' title='bbox 176 1139 369 1179; x_wconf 84' lang='lat' dir='ltr'><strong>vertendis</strong></span> <span class='ocrx_word' id='word_1_178' title='bbox 388 1133 447 1178; x_wconf 81' lang='lat' dir='ltr'><strong>fiis</strong></span> <span class='ocrx_word' id='word_1_179' title='bbox 467 1139 593 1178; x_wconf 86' lang='lat' dir='ltr'><strong>verbis</strong></span> <span class='ocrx_word' id='word_1_180' title='bbox 617 1139 814 1179; x_wconf 83' lang='lat' dir='ltr'><strong>offendiffe</strong></span> <span class='ocrx_word' id='word_1_181' title='bbox 840 1140 1131 1185; x_wconf 84' lang='lat' dir='ltr'><strong>animadvertit,</strong></span> <span class='ocrx_word' id='word_1_182' title='bbox 1158 1142 1305 1192; x_wconf 85' lang='lat' dir='ltr'><strong>quippe</strong></span> 
     </span>
     <span class='ocr_line' id='line_1_19' title="bbox 29 1193 1305 1247; baseline -0.002 -14"><span class='ocrx_word' id='word_1_183' title='bbox 29 1196 102 1247; x_wconf 85' lang='lat' dir='ltr'><strong>qui</strong></span> <span class='ocrx_word' id='word_1_184' title='bbox 115 1205 161 1233; x_wconf 82' lang='lat' dir='ltr'><strong>ea</strong></span> <span class='ocrx_word' id='word_1_185' title='bbox 182 1193 381 1233; x_wconf 86' lang='lat' dir='ltr'><strong>reddiderit</strong></span> <span class='ocrx_word' id='word_1_186' title='bbox 395 1205 403 1232; x_wconf 88' lang='lat'>:</span> <span class='ocrx_word' id='word_1_187' title='bbox 426 1196 479 1232; x_wconf 82' lang='lat' dir='ltr'><strong>Et</strong></span> <span class='ocrx_word' id='word_1_188' title='bbox 496 1208 581 1246; x_wconf 84' lang='lat' dir='ltr'><strong>quos</strong></span> <span class='ocrx_word' id='word_1_189' title='bbox 595 1194 781 1247; x_wconf 64' lang='lat' dir='ltr'><strong>aggreſj‘us,</strong></span> <span class='ocrx_word' id='word_1_190' title='bbox 795 1196 959 1247; x_wconf 77' lang='lat' dir='ltr'><strong>praesides</strong></span> <span class='ocrx_word' id='word_1_191' title='bbox 974 1195 1158 1246; x_wconf 67' lang='lat' dir='ltr'><strong>conscripta</strong></span> <span class='ocrx_word' id='word_1_192' title='bbox 1182 1198 1220 1232; x_wconf 80' lang='lat' dir='ltr'><strong>de</strong></span> <span class='ocrx_word' id='word_1_193' title='bbox 1235 1195 1305 1232; x_wconf 75' lang='lat' dir='ltr'><strong>illis</strong></span> 
     </span>
     <span class='ocr_line' id='line_1_20' title="bbox 31 1246 1305 1301; baseline -0.002 -13"><span class='ocrx_word' id='word_1_194' title='bbox 31 1248 183 1301; x_wconf 73' lang='lat' dir='ltr'><strong>historia,</strong></span> <span class='ocrx_word' id='word_1_195' title='bbox 199 1246 393 1300; x_wconf 80' lang='lat' dir='ltr'><strong>(praesules</strong></span> <span class='ocrx_word' id='word_1_196' title='bbox 415 1247 470 1286; x_wconf 91' lang='lat' dir='ltr'><strong>est</strong></span> <span class='ocrx_word' id='word_1_197' title='bbox 491 1260 549 1300; x_wconf 87' lang='lat' dir='ltr'><strong>ap.</strong></span> <span class='ocrx_word' id='word_1_198' title='bbox 566 1247 777 1301; x_wconf 64' lang='lat' dir='ltr'><strong>Benedict.)</strong></span> <span class='ocrx_word' id='word_1_199' title='bbox 800 1261 887 1288; x_wconf 89' lang='lat' dir='ltr'><strong>cum</strong></span> <span class='ocrx_word' id='word_1_200' title='bbox 908 1247 1105 1293; x_wconf 84' lang='lat' dir='ltr'><strong>debuiffet,</strong></span> <span class='ocrx_word' id='word_1_201' title='bbox 1125 1248 1305 1300; x_wconf 54' lang='lat' dir='ltr'><strong>quibusque</strong></span> 
     </span>
     <span class='ocr_line' id='line_1_21' title="bbox 30 1300 1307 1354; baseline -0.002 -13"><span class='ocrx_word' id='word_1_202' title='bbox 30 1302 174 1354; x_wconf 83' lang='lat' dir='ltr'><strong>adscitis</strong></span> <span class='ocrx_word' id='word_1_203' title='bbox 181 1303 338 1353; x_wconf 73' lang='lat' dir='ltr'><strong>patronis</strong></span> <span class='ocrx_word' id='word_1_204' title='bbox 348 1316 366 1348; x_wconf 89' lang='lat'><em>;</em></span> <span class='ocrx_word' id='word_1_205' title='bbox 391 1301 428 1339; x_wconf 92' lang='lat' dir='ltr'><strong>id</strong></span> <span class='ocrx_word' id='word_1_206' title='bbox 441 1301 545 1340; x_wconf 89' lang='lat' dir='ltr'><strong>enim</strong></span> <span class='ocrx_word' id='word_1_207' title='bbox 561 1300 771 1353; x_wconf 77' lang='lat' dir='ltr'><strong>significare</strong></span> <span class='ocrx_word' id='word_1_208' title='bbox 783 1303 1004 1352; x_wconf 70' lang='grc' dir='ltr'><em>προστάτην</em></span> <span class='ocrx_word' id='word_1_209' title='bbox 1021 1303 1150 1351; x_wconf 80' lang='grc' dir='ltr'><strong><em>νέμειν,</em></strong></span> <span class='ocrx_word' id='word_1_210' title='bbox 1162 1315 1188 1353; x_wconf 69' lang='lat'><strong>¹&gt;</strong></span> <span class='ocrx_word' id='word_1_211' title='bbox 1199 1310 1307 1353; x_wconf 61' lang='grc' dir='ltr'><strong><em>ροιφε-</em></strong></span> 
     </span>
     <span class='ocr_line' id='line_1_22' title="bbox 33 1355 1306 1409; baseline -0.002 -12"><span class='ocrx_word' id='word_1_212' title='bbox 33 1361 147 1400; x_wconf 61' lang='grc' dir='ltr'><strong><em>σθαι,</em></strong></span> <span class='ocrx_word' id='word_1_213' title='bbox 157 1355 474 1409; x_wconf 49' lang='lat' dir='ltr'><strong>&amp;maminoto-3021,</strong></span> <span class='ocrx_word' id='word_1_214' title='bbox 485 1355 766 1408; x_wconf 63' lang='grc' dir='ltr'><strong><em>ἑπιγρέιφεσῧοιι</em></strong></span> <span class='ocrx_word' id='word_1_215' title='bbox 780 1355 820 1394; x_wconf 88' lang='lat'>&amp;</span> <span class='ocrx_word' id='word_1_216' title='bbox 836 1358 1155 1408; x_wconf 57' lang='grc' dir='ltr'><strong>συγγράφεσθαι,</strong></span> <span class='ocrx_word' id='word_1_217' title='bbox 1167 1356 1306 1395; x_wconf 87' lang='lat' dir='ltr'><strong>ibidem</strong></span> 
     </span>
     <span class='ocr_line' id='line_1_23' title="bbox 32 1408 1308 1461; baseline -0.002 -11"><span class='ocrx_word' id='word_1_218' title='bbox 32 1410 148 1450; x_wconf 84' lang='lat' dir='ltr'><strong>docet</strong></span> <span class='ocrx_word' id='word_1_219' title='bbox 158 1409 429 1461; x_wconf 78' lang='lat' dir='ltr'><strong>Weffelingus.</strong></span> <span class='ocrx_word' id='word_1_220' title='bbox 449 1408 553 1448; x_wconf 87' lang='lat' dir='ltr'><strong>Cum</strong></span> <span class='ocrx_word' id='word_1_221' title='bbox 571 1422 667 1449; x_wconf 86' lang='lat' dir='ltr'><strong>vero</strong></span> <span class='ocrx_word' id='word_1_222' title='bbox 682 1423 728 1450; x_wconf 86' lang='lat' dir='ltr'><strong>ex</strong></span> <span class='ocrx_word' id='word_1_223' title='bbox 742 1410 902 1448; x_wconf 87' lang='lat' dir='ltr'><strong>Luciani</strong></span> <span class='ocrx_word' id='word_1_224' title='bbox 923 1410 989 1448; x_wconf 91' lang='lat' dir='ltr'><strong>Bis</strong></span> <span class='ocrx_word' id='word_1_225' title='bbox 1012 1408 1174 1448; x_wconf 85' lang='lat' dir='ltr'><strong>accusat.</strong></span> <span class='ocrx_word' id='word_1_226' title='bbox 1203 1423 1236 1450; x_wconf 95' lang='lat' dir='ltr'><strong>c.</strong></span> <span class='ocrx_word' id='word_1_227' title='bbox 1257 1424 1308 1460; x_wconf 77' lang='lat'><strong>29</strong></span> 
     </span>
     <span class='ocr_line' id='line_1_24' title="bbox 33 1461 1308 1516; baseline -0.002 -12"><span class='ocrx_word' id='word_1_228' title='bbox 33 1463 311 1516; x_wconf 68' lang='grc' dir='ltr'><strong>ἐπιγράφονται</strong></span> <span class='ocrx_word' id='word_1_229' title='bbox 327 1461 501 1502; x_wconf 66' lang='grc' dir='ltr'><strong><em>ἅπαντες</em></strong></span> <span class='ocrx_word' id='word_1_230' title='bbox 512 1464 719 1513; x_wconf 72' lang='grc' dir='ltr'><strong><em>προστάτιν</em></strong></span> <span class='ocrx_word' id='word_1_231' title='bbox 735 1463 879 1503; x_wconf 58' lang='grc' dir='ltr'><strong><em>ἑαυτῶν</em></strong></span> <span class='ocrx_word' id='word_1_232' title='bbox 893 1462 1028 1502; x_wconf 78' lang='lat' dir='ltr'><strong>afferat</strong></span> <span class='ocrx_word' id='word_1_233' title='bbox 1039 1492 1049 1509; x_wconf 84' lang='lat'>,</span> <span class='ocrx_word' id='word_1_234' title='bbox 1069 1476 1140 1502; x_wconf 89' lang='lat' dir='ltr'><strong>nec</strong></span> <span class='ocrx_word' id='word_1_235' title='bbox 1154 1467 1195 1501; x_wconf 63' lang='grc' dir='ltr'><strong>τὸ</strong></span> <span class='ocrx_word' id='word_1_236' title='bbox 1209 1477 1283 1516; x_wconf 65' lang='grc' dir='ltr'><strong>σιν)</strong></span> <span class='ocrx_word' id='word_1_237' title='bbox 1293 1486 1308 1493; x_wconf 88' lang='grc'>-</span> 
     </span>
     <span class='ocr_line' id='line_1_25' title="bbox 35 1516 1376 1572; baseline -0.001 -16"><span class='ocrx_word' id='word_1_238' title='bbox 35 1519 193 1572; x_wconf 65' lang='grc' dir='ltr'><strong>’γράφειν</strong></span> <span class='ocrx_word' id='word_1_239' title='bbox 207 1516 423 1569; x_wconf 70' lang='grc' dir='ltr'><strong><em>προστάτην</em></strong></span> <span class='ocrx_word' id='word_1_240' title='bbox 436 1516 515 1556; x_wconf 85' lang='lat' dir='ltr'><strong>aliis</strong></span> <span class='ocrx_word' id='word_1_241' title='bbox 526 1517 712 1570; x_wconf 86' lang='lat' dir='ltr'><strong>exemplis</strong></span> <span class='ocrx_word' id='word_1_242' title='bbox 722 1517 941 1564; x_wconf 83' lang='lat' dir='ltr'><strong>confirmet,</strong></span> <span class='ocrx_word' id='word_1_243' title='bbox 952 1517 993 1555; x_wconf 68' lang='grc' dir='ltr'><strong>ὅ(</strong></span> <span class='ocrx_word' id='word_1_244' title='bbox 1006 1516 1225 1570; x_wconf 62' lang='grc' dir='ltr'><strong>ἐπιγράφειν</strong></span> <span class='ocrx_word' id='word_1_245' title='bbox 1234 1518 1311 1555; x_wconf 84' lang='lat' dir='ltr'><strong>Lu·</strong></span> <span class='ocrx_word' id='word_1_246' title='bbox 1372 1552 1376 1554; x_wconf 71' lang='grc'>,</span> 
     </span>
    </p>
   </div>
   <div class='ocr_carea' id='block_1_3' title="bbox 34 1569 1327 2592">
    <p class='ocr_par' dir='ltr' id='par_1_3' title="bbox 34 1569 1310 1678">
     <span class='ocr_line' id='line_1_26' title="bbox 34 1569 1310 1625; baseline -0.002 -13"><span class='ocrx_word' id='word_1_247' title='bbox 34 1584 153 1612; x_wconf 71' lang='lat' dir='ltr'><strong>clano</strong></span> <span class='ocrx_word' id='word_1_248' title='bbox 165 1572 202 1610; x_wconf 89' lang='lat' dir='ltr'><strong>in</strong></span> <span class='ocrx_word' id='word_1_249' title='bbox 215 1571 273 1611; x_wconf 83' lang='lat' dir='ltr'><strong>his</strong></span> <span class='ocrx_word' id='word_1_250' title='bbox 285 1571 425 1611; x_wconf 90' lang='lat' dir='ltr'><strong>locutt.</strong></span> <span class='ocrx_word' id='word_1_251' title='bbox 443 1569 617 1610; x_wconf 81' lang='lat' dir='ltr'><strong>usitatius</strong></span> <span class='ocrx_word' id='word_1_252' title='bbox 631 1572 674 1610; x_wconf 88' lang='lat' dir='ltr'><strong>sit</strong></span> <span class='ocrx_word' id='word_1_253' title='bbox 684 1602 695 1619; x_wconf 90' lang='lat'>‚</span> <span class='ocrx_word' id='word_1_254' title='bbox 709 1584 790 1611; x_wconf 90' lang='lat' dir='ltr'><strong>non</strong></span> <span class='ocrx_word' id='word_1_255' title='bbox 802 1583 1097 1625; x_wconf 77' lang='lat' dir='ltr'><strong>repugnaverim</strong></span> <span class='ocrx_word' id='word_1_256' title='bbox 1107 1601 1117 1619; x_wconf 93' lang='lat'><strong>,</strong></span> <span class='ocrx_word' id='word_1_257' title='bbox 1128 1569 1157 1609; x_wconf 88' lang='lat' dir='ltr'><strong>fi</strong></span> <span class='ocrx_word' id='word_1_258' title='bbox 1169 1573 1255 1624; x_wconf 87' lang='lat' dir='ltr'><strong>quis</strong></span> <span class='ocrx_word' id='word_1_259' title='bbox 1268 1572 1310 1610; x_wconf 57' lang='grc' dir='ltr'><strong>(ἐξ</strong></span> 
     </span>
     <span class='ocr_line' id='line_1_27' title="bbox 37 1624 696 1678; baseline -0.003 -12"><span class='ocrx_word' id='word_1_260' title='bbox 37 1626 101 1666; x_wconf 88' lang='lat' dir='ltr'><strong>hic</strong></span> <span class='ocrx_word' id='word_1_261' title='bbox 121 1625 210 1665; x_wconf 84' lang='lat' dir='ltr'><strong>illud</strong></span> <span class='ocrx_word' id='word_1_262' title='bbox 224 1626 396 1678; x_wconf 85' lang='lat' dir='ltr'><strong>recipere</strong></span> <span class='ocrx_word' id='word_1_263' title='bbox 407 1624 523 1665; x_wconf 82' lang='lat' dir='ltr'><strong>malit.</strong></span> <span class='ocrx_word' id='word_1_264' title='bbox 548 1625 696 1664; x_wconf 77' lang='lat' dir='ltr'><strong>Rmz.</strong></span> 
     </span>
    </p>

    <p class='ocr_par' dir='ltr' id='par_1_4' title="bbox 38 1676 1320 2381">
     <span class='ocr_line' id='line_1_28' title="bbox 93 1676 1311 1732; baseline -0.001 -14"><span class='ocrx_word' id='word_1_265' title='bbox 93 1681 167 1718; x_wconf 83' lang='lat' dir='ltr'><strong>ead.</strong></span> <span class='ocrx_word' id='word_1_266' title='bbox 179 1679 203 1718; x_wconf 88' lang='lat' dir='ltr'><strong>l.</strong></span> <span class='ocrx_word' id='word_1_267' title='bbox 221 1693 235 1718; x_wconf 92' lang='lat'>1</span> <span class='ocrx_word' id='word_1_268' title='bbox 245 1693 280 1718; x_wconf 86' lang='lat'><strong>2.</strong></span> <span class='ocrx_word' id='word_1_269' title='bbox 293 1677 345 1729; x_wconf 74' lang='grc' dir='ltr'><em>Τῇ</em></span> <span class='ocrx_word' id='word_1_270' title='bbox 357 1678 511 1728; x_wconf 60' lang='grc' dir='ltr'><strong><em>Ἀττικῇ</em></strong></span> <span class='ocrx_word' id='word_1_271' title='bbox 520 1679 681 1732; x_wconf 48' lang='lat' dir='ltr'><strong>suasi)</strong></span> <span class='ocrx_word' id='word_1_272' title='bbox 692 1677 1048 1732; x_wconf 88' lang='lat' dir='ltr'><strong>Vinc.Obsopoeus</strong></span> <span class='ocrx_word' id='word_1_273' title='bbox 1057 1678 1246 1730; x_wconf 85' lang='lat' dir='ltr'><strong>interpres</strong></span> <span class='ocrx_word' id='word_1_274' title='bbox 1259 1676 1311 1717; x_wconf 85' lang='lat' dir='ltr'><strong>sic</strong></span> 
     </span>
     <span class='ocr_line' id='line_1_29' title="bbox 38 1731 1314 1787; baseline -0.003 -14"><span class='ocrx_word' id='word_1_275' title='bbox 38 1734 158 1774; x_wconf 86' lang='lat' dir='ltr'><strong>vertit</strong></span> <span class='ocrx_word' id='word_1_276' title='bbox 174 1732 335 1786; x_wconf 77' lang='lat' dir='ltr'><strong>(Atticae</strong></span> <span class='ocrx_word' id='word_1_277' title='bbox 347 1732 512 1785; x_wconf 75' lang='lat' dir='ltr'><strong>Mufize):</strong></span> <span class='ocrx_word' id='word_1_278' title='bbox 535 1733 737 1787; x_wconf 89' lang='lat' dir='ltr'><strong>quomodo</strong></span> <span class='ocrx_word' id='word_1_279' title='bbox 751 1731 883 1786; x_wconf 88' lang='lat' dir='ltr'><strong>legerit</strong></span> <span class='ocrx_word' id='word_1_280' title='bbox 894 1763 905 1779; x_wconf 92' lang='lat'><strong>‚</strong></span> <span class='ocrx_word' id='word_1_281' title='bbox 922 1731 1067 1772; x_wconf 91' lang='lat' dir='ltr'><strong>nescio:</strong></span> <span class='ocrx_word' id='word_1_282' title='bbox 1088 1732 1240 1770; x_wconf 87' lang='lat' dir='ltr'><strong>videtur</strong></span> <span class='ocrx_word' id='word_1_283' title='bbox 1253 1742 1314 1769; x_wconf 89' lang='lat' dir='ltr'><strong>ta·</strong></span> 
     </span>
     <span class='ocr_line' id='line_1_30' title="bbox 40 1784 1316 1840; baseline -0.003 -13"><span class='ocrx_word' id='word_1_284' title='bbox 40 1800 130 1827; x_wconf 86' lang='lat' dir='ltr'><strong>men</strong></span> <span class='ocrx_word' id='word_1_285' title='bbox 138 1785 429 1840; x_wconf 49' lang='lat' dir='ltr'><strong>legissem-trin?</strong></span> <span class='ocrx_word' id='word_1_286' title='bbox 437 1786 593 1837; x_wconf 63' lang='grc' dir='ltr'><strong>Σεκέιτῃ,</strong></span> <span class='ocrx_word' id='word_1_287' title='bbox 602 1787 643 1827; x_wconf 87' lang='lat'>&amp;</span> <span class='ocrx_word' id='word_1_288' title='bbox 655 1786 723 1826; x_wconf 90' lang='lat' dir='ltr'><strong>sibi</strong></span> <span class='ocrx_word' id='word_1_289' title='bbox 733 1785 955 1826; x_wconf 74' lang='lat' dir='ltr'><strong>intellexisse</strong></span> <span class='ocrx_word' id='word_1_290' title='bbox 967 1785 1104 1834; x_wconf 69' lang='grc' dir='ltr'><strong><em>μούσῃ,</em></strong></span> <span class='ocrx_word' id='word_1_291' title='bbox 1118 1784 1222 1838; x_wconf 84' lang='lat' dir='ltr'><strong>quasi</strong></span> <span class='ocrx_word' id='word_1_292' title='bbox 1237 1784 1316 1824; x_wconf 86' lang='lat' dir='ltr'><strong>fue-</strong></span> 
     </span>
     <span class='ocr_line' id='line_1_31' title="bbox 41 1839 1316 1894; baseline -0.003 -14"><span class='ocrx_word' id='word_1_293' title='bbox 41 1842 90 1881; x_wconf 83' lang='lat' dir='ltr'><strong>rit</strong></span> <span class='ocrx_word' id='word_1_294' title='bbox 102 1840 287 1894; x_wconf 85' lang='lat' dir='ltr'><strong>quaedam</strong></span> <span class='ocrx_word' id='word_1_295' title='bbox 302 1841 445 1880; x_wconf 87' lang='lat' dir='ltr'><strong>decima</strong></span> <span class='ocrx_word' id='word_1_296' title='bbox 463 1841 573 1880; x_wconf 88' lang='lat' dir='ltr'><strong>Musa</strong></span> <span class='ocrx_word' id='word_1_297' title='bbox 587 1842 760 1881; x_wconf 79' lang='lat' dir='ltr'><strong>Athenis,</strong></span> <span class='ocrx_word' id='word_1_298' title='bbox 783 1840 855 1880; x_wconf 89' lang='lat' dir='ltr'><strong>Sed</strong></span> <span class='ocrx_word' id='word_1_299' title='bbox 875 1852 918 1879; x_wconf 87' lang='lat' dir='ltr'><strong>ea</strong></span> <span class='ocrx_word' id='word_1_300' title='bbox 931 1839 1052 1879; x_wconf 59' lang='grc' dir='ltr'><strong>Σέκοις</strong></span> <span class='ocrx_word' id='word_1_301' title='bbox 1065 1851 1145 1878; x_wconf 91' lang='lat' dir='ltr'><strong>non</strong></span> <span class='ocrx_word' id='word_1_302' title='bbox 1161 1839 1207 1877; x_wconf 88' lang='lat' dir='ltr'><strong>ad</strong></span> <span class='ocrx_word' id='word_1_303' title='bbox 1221 1839 1316 1877; x_wconf 86' lang='lat' dir='ltr'><strong>Mu-</strong></span> 
     </span>
     <span class='ocr_line' id='line_1_32' title="bbox 42 1892 1315 1945; baseline -0.003 -11"><span class='ocrx_word' id='word_1_304' title='bbox 42 1895 99 1935; x_wconf 87' lang='lat' dir='ltr'><strong>sas</strong></span> <span class='ocrx_word' id='word_1_305' title='bbox 110 1894 245 1935; x_wconf 89' lang='lat' dir='ltr'><strong>referri</strong></span> <span class='ocrx_word' id='word_1_306' title='bbox 259 1895 390 1942; x_wconf 91' lang='lat' dir='ltr'><strong>debet,</strong></span> <span class='ocrx_word' id='word_1_307' title='bbox 414 1894 475 1934; x_wconf 91' lang='lat' dir='ltr'><strong>sed</strong></span> <span class='ocrx_word' id='word_1_308' title='bbox 488 1895 535 1933; x_wconf 87' lang='lat' dir='ltr'><strong>ad</strong></span> <span class='ocrx_word' id='word_1_309' title='bbox 548 1896 678 1935; x_wconf 92' lang='lat' dir='ltr'><strong>decem</strong></span> <span class='ocrx_word' id='word_1_310' title='bbox 692 1895 777 1934; x_wconf 86' lang='lat' dir='ltr'><strong>illos</strong></span> <span class='ocrx_word' id='word_1_311' title='bbox 789 1905 963 1934; x_wconf 87' lang='lat' dir='ltr'><strong>oratores</strong></span> <span class='ocrx_word' id='word_1_312' title='bbox 976 1892 1206 1932; x_wconf 88' lang='lat' dir='ltr'><strong>celebriores</strong></span> <span class='ocrx_word' id='word_1_313' title='bbox 1216 1922 1228 1940; x_wconf 83' lang='lat'>‚</span> <span class='ocrx_word' id='word_1_314' title='bbox 1245 1894 1315 1945; x_wconf 84' lang='lat' dir='ltr'><strong>qui</strong></span> 
     </span>
     <span class='ocr_line' id='line_1_33' title="bbox 42 1946 1315 2002; baseline -0.004 -13"><span class='ocrx_word' id='word_1_315' title='bbox 42 1949 210 1990; x_wconf 86' lang='lat' dir='ltr'><strong>Athenis</strong></span> <span class='ocrx_word' id='word_1_316' title='bbox 223 1948 456 1996; x_wconf 80' lang='lat' dir='ltr'><strong>floruerunt,</strong></span> <span class='ocrx_word' id='word_1_317' title='bbox 466 1948 505 1987; x_wconf 77' lang='grc' dir='ltr'><strong>δι</strong></span> <span class='ocrx_word' id='word_1_318' title='bbox 517 1962 684 2002; x_wconf 87' lang='lat' dir='ltr'><strong>quorum</strong></span> <span class='ocrx_word' id='word_1_319' title='bbox 694 1950 793 1988; x_wconf 86' lang='lat' dir='ltr'><strong>vitas</strong></span> <span class='ocrx_word' id='word_1_320' title='bbox 804 1946 946 2000; x_wconf 78' lang='lat' dir='ltr'><strong>scripsit</strong></span> <span class='ocrx_word' id='word_1_321' title='bbox 959 1946 1198 1992; x_wconf 87' lang='lat' dir='ltr'><strong>Plutarchus,</strong></span> <span class='ocrx_word' id='word_1_322' title='bbox 1207 1946 1315 2000; x_wconf 87' lang='lat' dir='ltr'><strong>quod</strong></span> 
     </span>
     <span class='ocr_line' id='line_1_34' title="bbox 43 2000 1318 2056; baseline -0.004 -13"><span class='ocrx_word' id='word_1_323' title='bbox 43 2002 198 2056; x_wconf 90' lang='lat' dir='ltr'><strong>(credo)</strong></span> <span class='ocrx_word' id='word_1_324' title='bbox 217 2001 305 2042; x_wconf 84' lang='lat' dir='ltr'><strong>satis</strong></span> <span class='ocrx_word' id='word_1_325' title='bbox 320 2001 556 2042; x_wconf 86' lang='lat' dir='ltr'><strong>manifestum</strong></span> <span class='ocrx_word' id='word_1_326' title='bbox 573 2003 761 2043; x_wconf 88' lang='lat' dir='ltr'><strong>videbitur</strong></span> <span class='ocrx_word' id='word_1_327' title='bbox 776 2002 911 2042; x_wconf 89' lang='lat' dir='ltr'><strong>nostro</strong></span> <span class='ocrx_word' id='word_1_328' title='bbox 925 2001 1070 2041; x_wconf 61' lang='lat' dir='ltr'><strong>lectori.</strong></span> <span class='ocrx_word' id='word_1_329' title='bbox 1089 2000 1226 2040; x_wconf 67' lang='lat' dir='ltr'><strong>PAiM.</strong></span> <span class='ocrx_word' id='word_1_330' title='bbox 1246 2001 1318 2039; x_wconf 80' lang='lat' dir='ltr'><strong>vi-</strong></span> 
     </span>
     <span class='ocr_line' id='line_1_35' title="bbox 45 2053 1318 2110; baseline -0.005 -13"><span class='ocrx_word' id='word_1_331' title='bbox 45 2057 93 2097; x_wconf 91' lang='lat' dir='ltr'><strong>de</strong></span> <span class='ocrx_word' id='word_1_332' title='bbox 107 2057 209 2110; x_wconf 87' lang='lat' dir='ltr'><strong>apud</strong></span> <span class='ocrx_word' id='word_1_333' title='bbox 221 2056 493 2096; x_wconf 77' lang='lat' dir='ltr'><strong>philostratum</strong></span> <span class='ocrx_word' id='word_1_334' title='bbox 507 2071 543 2110; x_wconf 90' lang='lat' dir='ltr'><strong>p.</strong></span> <span class='ocrx_word' id='word_1_335' title='bbox 558 2058 630 2108; x_wconf 89' lang='lat'><strong>564</strong></span> <span class='ocrx_word' id='word_1_336' title='bbox 640 2069 649 2096; x_wconf 74' lang='grc' dir='ltr'>ε</span> <span class='ocrx_word' id='word_1_337' title='bbox 660 2058 780 2105; x_wconf 64' lang='grc' dir='ltr'><strong><em>βοῶσιν</em></strong></span> <span class='ocrx_word' id='word_1_338' title='bbox 793 2055 837 2096; x_wconf 55' lang='lat' dir='ltr'><strong>s&amp;</strong></span> <span class='ocrx_word' id='word_1_339' title='bbox 850 2057 908 2094; x_wconf 76' lang='grc' dir='ltr'><strong>ἐπ’</strong></span> <span class='ocrx_word' id='word_1_340' title='bbox 921 2053 1034 2094; x_wconf 59' lang='grc' dir='ltr'><strong><em>αὐτὴν</em></strong></span> <span class='ocrx_word' id='word_1_341' title='bbox 1047 2053 1318 2102; x_wconf 44' lang='lat' dir='ltr'><strong>vastandas,</strong></span> 
     </span>
     <span class='ocr_line' id='line_1_36' title="bbox 47 2107 1320 2155; baseline -0.004 -5"><span class='ocrx_word' id='word_1_342' title='bbox 47 2111 113 2150; x_wconf 69' lang='grc' dir='ltr'><strong>καὶ</strong></span> <span class='ocrx_word' id='word_1_343' title='bbox 129 2111 317 2150; x_wconf 75' lang='grc' dir='ltr'><strong>καλούσης</strong></span> <span class='ocrx_word' id='word_1_344' title='bbox 332 2109 444 2149; x_wconf 64' lang='grc' dir='ltr'><strong><em>αὐτὸν</em></strong></span> <span class='ocrx_word' id='word_1_345' title='bbox 461 2107 524 2149; x_wconf 77' lang='grc' dir='ltr'><strong>ἕνα.</strong></span> <span class='ocrx_word' id='word_1_346' title='bbox 537 2110 609 2150; x_wconf 73' lang='grc' dir='ltr'><strong>τῶν</strong></span> <span class='ocrx_word' id='word_1_347' title='bbox 633 2110 730 2151; x_wconf 63' lang='lat' dir='ltr'><strong>sim</strong></span> <span class='ocrx_word' id='word_1_348' title='bbox 748 2112 823 2151; x_wconf 88' lang='lat' dir='ltr'><strong>&amp;c.</strong></span> <span class='ocrx_word' id='word_1_349' title='bbox 847 2110 910 2150; x_wconf 85' lang='lat' dir='ltr'><strong>De</strong></span> <span class='ocrx_word' id='word_1_350' title='bbox 926 2110 1083 2149; x_wconf 81' lang='lat' dir='ltr'><strong>Herode</strong></span> <span class='ocrx_word' id='word_1_351' title='bbox 1099 2108 1226 2147; x_wconf 82' lang='lat' dir='ltr'><strong>sermo</strong></span> <span class='ocrx_word' id='word_1_352' title='bbox 1241 2107 1293 2146; x_wconf 86' lang='lat' dir='ltr'><strong>est</strong></span> <span class='ocrx_word' id='word_1_353' title='bbox 1305 2138 1320 2155; x_wconf 86' lang='lat'><strong><em>‚</em></strong></span> 
     </span>
     <span class='ocr_line' id='line_1_37' title="bbox 48 2162 1316 2218; baseline -0.004 -14"><span class='ocrx_word' id='word_1_354' title='bbox 48 2164 117 2218; x_wconf 90' lang='lat' dir='ltr'><strong>qui</strong></span> <span class='ocrx_word' id='word_1_355' title='bbox 131 2164 335 2218; x_wconf 90' lang='lat' dir='ltr'><strong>respondet</strong></span> <span class='ocrx_word' id='word_1_356' title='bbox 351 2165 389 2204; x_wconf 89' lang='lat' dir='ltr'><strong>id</strong></span> <span class='ocrx_word' id='word_1_357' title='bbox 401 2163 524 2204; x_wconf 88' lang='lat' dir='ltr'><strong>solum</strong></span> <span class='ocrx_word' id='word_1_358' title='bbox 537 2195 550 2211; x_wconf 93' lang='lat'><strong><em>,</em></strong></span> <span class='ocrx_word' id='word_1_359' title='bbox 560 2165 597 2216; x_wconf 86' lang='lat' dir='ltr'><strong>se</strong></span> <span class='ocrx_word' id='word_1_360' title='bbox 607 2165 785 2204; x_wconf 80' lang='lat' dir='ltr'><strong>Andocide</strong></span> <span class='ocrx_word' id='word_1_361' title='bbox 796 2165 968 2204; x_wconf 74' lang='lat' dir='ltr'><strong>meEorem.</strong></span> <span class='ocrx_word' id='word_1_362' title='bbox 990 2163 1033 2202; x_wconf 91' lang='lat' dir='ltr'><strong>In</strong></span> <span class='ocrx_word' id='word_1_363' title='bbox 1050 2162 1152 2202; x_wconf 87' lang='lat' dir='ltr'><strong>notis</strong></span> <span class='ocrx_word' id='word_1_364' title='bbox 1164 2163 1210 2201; x_wconf 83' lang='lat' dir='ltr'><strong>ad</strong></span> <span class='ocrx_word' id='word_1_365' title='bbox 1225 2174 1316 2200; x_wconf 91' lang='lat' dir='ltr'><strong>eum</strong></span> 
     </span>
     <span class='ocr_line' id='line_1_38' title="bbox 49 2216 1320 2270; baseline -0.004 -12"><span class='ocrx_word' id='word_1_366' title='bbox 49 2219 179 2258; x_wconf 85' lang='lat' dir='ltr'><strong>locum</strong></span> <span class='ocrx_word' id='word_1_367' title='bbox 196 2219 244 2258; x_wconf 90' lang='lat' dir='ltr'><strong>de</strong></span> <span class='ocrx_word' id='word_1_368' title='bbox 249 2218 399 2270; x_wconf 79' lang='lat' dir='ltr'><strong>ficunda</strong></span> <span class='ocrx_word' id='word_1_369' title='bbox 413 2219 527 2258; x_wconf 84' lang='lat' dir='ltr'><strong>etiam</strong></span> <span class='ocrx_word' id='word_1_370' title='bbox 537 2220 655 2258; x_wconf 80' lang='lat' dir='ltr'><strong>decade</strong></span> <span class='ocrx_word' id='word_1_371' title='bbox 669 2231 886 2259; x_wconf 88' lang='lat' dir='ltr'><strong>monemur.</strong></span> <span class='ocrx_word' id='word_1_372' title='bbox 911 2216 1028 2256; x_wconf 88' lang='lat' dir='ltr'><strong>Certe</strong></span> <span class='ocrx_word' id='word_1_373' title='bbox 1043 2217 1082 2255; x_wconf 75' lang='grc' dir='ltr'><strong>δι</strong></span> <span class='ocrx_word' id='word_1_374' title='bbox 1094 2217 1154 2255; x_wconf 90' lang='lat' dir='ltr'><strong>hic</strong></span> <span class='ocrx_word' id='word_1_375' title='bbox 1169 2217 1206 2254; x_wconf 88' lang='lat' dir='ltr'><strong>in</strong></span> <span class='ocrx_word' id='word_1_376' title='bbox 1218 2216 1320 2254; x_wconf 84' lang='lat' dir='ltr'><strong>Cod.</strong></span> 
     </span>
     <span class='ocr_line' id='line_1_39' title="bbox 49 2268 1320 2325; baseline -0.004 -13"><span class='ocrx_word' id='word_1_377' title='bbox 49 2273 122 2312; x_wconf 91' lang='lat' dir='ltr'><strong>W.</strong></span> <span class='ocrx_word' id='word_1_378' title='bbox 134 2271 187 2312; x_wconf 86' lang='lat' dir='ltr'><strong>est</strong></span> <span class='ocrx_word' id='word_1_379' title='bbox 201 2272 339 2313; x_wconf 58' lang='grc' dir='ltr'><strong>ἓειιέιὸι</strong></span> <span class='ocrx_word' id='word_1_380' title='bbox 353 2288 392 2312; x_wconf 77' lang='grc' dir='ltr'><strong>α.</strong></span> <span class='ocrx_word' id='word_1_381' title='bbox 413 2272 537 2325; x_wconf 89' lang='lat' dir='ltr'><strong>Quod</strong></span> <span class='ocrx_word' id='word_1_382' title='bbox 549 2285 597 2312; x_wconf 88' lang='lat' dir='ltr'><strong>an</strong></span> <span class='ocrx_word' id='word_1_383' title='bbox 611 2274 845 2314; x_wconf 87' lang='lat' dir='ltr'><strong>Lucianeum</strong></span> <span class='ocrx_word' id='word_1_384' title='bbox 859 2271 901 2311; x_wconf 84' lang='lat' dir='ltr'><strong>sit</strong></span> <span class='ocrx_word' id='word_1_385' title='bbox 911 2301 922 2318; x_wconf 83' lang='lat'>‚</span> <span class='ocrx_word' id='word_1_386' title='bbox 938 2271 1103 2310; x_wconf 89' lang='lat' dir='ltr'><strong>viderint</strong></span> <span class='ocrx_word' id='word_1_387' title='bbox 1118 2269 1198 2309; x_wconf 87' lang='lat' dir='ltr'><strong>alii:</strong></span> <span class='ocrx_word' id='word_1_388' title='bbox 1225 2268 1320 2308; x_wconf 81' lang='lat' dir='ltr'><strong>mihi</strong></span> 
     </span>
     <span class='ocr_line' id='line_1_40' title="bbox 50 2326 1069 2381; baseline -0.002 -15"><span class='ocrx_word' id='word_1_389' title='bbox 50 2339 155 2366; x_wconf 92' lang='lat' dir='ltr'><strong>nunc</strong></span> <span class='ocrx_word' id='word_1_390' title='bbox 174 2327 223 2367; x_wconf 92' lang='lat' dir='ltr'><strong>de</strong></span> <span class='ocrx_word' id='word_1_391' title='bbox 237 2340 287 2367; x_wconf 92' lang='lat' dir='ltr'><strong>eo</strong></span> <span class='ocrx_word' id='word_1_392' title='bbox 299 2326 479 2381; x_wconf 85' lang='lat' dir='ltr'><strong>dispicere</strong></span> <span class='ocrx_word' id='word_1_393' title='bbox 494 2340 573 2366; x_wconf 92' lang='lat' dir='ltr'><strong>non</strong></span> <span class='ocrx_word' id='word_1_394' title='bbox 591 2340 712 2367; x_wconf 87' lang='lat' dir='ltr'><strong>vacat.</strong></span> <span class='ocrx_word' id='word_1_395' title='bbox 734 2327 890 2367; x_wconf 69' lang='lat' dir='ltr'><strong>SOLAN.</strong></span> <span class='ocrx_word' id='word_1_396' title='bbox 1046 2370 1069 2380; x_wconf 35' lang='grc' dir='ltr'><strong><em>ἢ</em></strong></span> 
     </span>
    </p>

    <p class='ocr_par' dir='ltr' id='par_1_5' title="bbox 53 2375 1327 2592">
     <span class='ocr_line' id='line_1_41' title="bbox 107 2375 1323 2434; baseline -0.005 -14"><span class='ocrx_word' id='word_1_397' title='bbox 107 2382 180 2420; x_wconf 81' lang='lat' dir='ltr'><strong>ead.</strong></span> <span class='ocrx_word' id='word_1_398' title='bbox 193 2380 217 2420; x_wconf 88' lang='lat' dir='ltr'><strong>l.</strong></span> <span class='ocrx_word' id='word_1_399' title='bbox 236 2395 294 2429; x_wconf 86' lang='lat'><strong>14.</strong></span> <span class='ocrx_word' id='word_1_400' title='bbox 303 2376 348 2419; x_wconf 70' lang='grc' dir='ltr'><strong>’Ὀ</strong></span> <span class='ocrx_word' id='word_1_401' title='bbox 366 2395 402 2419; x_wconf 86' lang='grc' dir='ltr'><strong>τι</strong></span> <span class='ocrx_word' id='word_1_402' title='bbox 422 2381 466 2420; x_wconf 72' lang='grc' dir='ltr'><strong>ἂν</strong></span> <span class='ocrx_word' id='word_1_403' title='bbox 480 2375 598 2434; x_wconf 65' lang='grc' dir='ltr'><strong><em>οὗτοι)</em></strong></span> <span class='ocrx_word' id='word_1_404' title='bbox 615 2383 722 2421; x_wconf 85' lang='lat' dir='ltr'><strong>Haec</strong></span> <span class='ocrx_word' id='word_1_405' title='bbox 738 2382 870 2427; x_wconf 84' lang='lat' dir='ltr'><strong>verba,</strong></span> <span class='ocrx_word' id='word_1_406' title='bbox 885 2380 901 2418; x_wconf 66' lang='lat' dir='ltr'><strong>‘o&#39;</strong></span> <span class='ocrx_word' id='word_1_407' title='bbox 915 2393 950 2416; x_wconf 90' lang='grc' dir='ltr'><strong>τι</strong></span> <span class='ocrx_word' id='word_1_408' title='bbox 964 2378 1008 2418; x_wconf 71' lang='grc' dir='ltr'><strong>ἂν</strong></span> <span class='ocrx_word' id='word_1_409' title='bbox 1024 2378 1125 2416; x_wconf 72' lang='grc' dir='ltr'><strong><em>οὑτοι</em></strong></span> <span class='ocrx_word' id='word_1_410' title='bbox 1140 2375 1323 2422; x_wconf 80' lang='grc' dir='ltr'><strong><em>ἐθέλωσιν,</em></strong></span> 
     </span>
     <span class='ocr_line' id='line_1_42' title="bbox 53 2430 1327 2488; baseline -0.002 -16"><span class='ocrx_word' id='word_1_411' title='bbox 53 2431 211 2473; x_wconf 71' lang='grc' dir='ltr'><strong><em>ἑθελουσι</em></strong></span> <span class='ocrx_word' id='word_1_412' title='bbox 224 2437 319 2488; x_wconf 59' lang='grc' dir='ltr'><strong>γὰρ,</strong></span> <span class='ocrx_word' id='word_1_413' title='bbox 333 2435 371 2474; x_wconf 83' lang='grc' dir='ltr'><strong>ἰη</strong></span> <span class='ocrx_word' id='word_1_414' title='bbox 383 2434 550 2475; x_wconf 85' lang='lat' dir='ltr'><strong>W.s010</strong></span> <span class='ocrx_word' id='word_1_415' title='bbox 573 2437 827 2486; x_wconf 86' lang='lat' dir='ltr'><strong>reperiuntur.</strong></span> <span class='ocrx_word' id='word_1_416' title='bbox 852 2434 1009 2474; x_wconf 73' lang='lat' dir='ltr'><strong>SOLAN.</strong></span> <span class='ocrx_word' id='word_1_417' title='bbox 1028 2430 1179 2481; x_wconf 87' lang='lat' dir='ltr'><strong>Scripsit</strong></span> <span class='ocrx_word' id='word_1_418' title='bbox 1194 2431 1240 2470; x_wconf 79' lang='lat' dir='ltr'><strong>ad</strong></span> <span class='ocrx_word' id='word_1_419' title='bbox 1261 2443 1327 2470; x_wconf 72' lang='lat' dir='ltr'><strong>me</strong></span> 
     </span>
     <span class='ocr_line' id='line_1_43' title="bbox 56 2486 1326 2548; baseline -0.006 -19"><span class='ocrx_word' id='word_1_420' title='bbox 56 2486 106 2529; x_wconf 86' lang='lat' dir='ltr'><strong>cl.</strong></span> <span class='ocrx_word' id='word_1_421' title='bbox 119 2487 277 2530; x_wconf 85' lang='lat' dir='ltr'><strong>Gesner.</strong></span> <span class='ocrx_word' id='word_1_422' title='bbox 289 2487 400 2543; x_wconf 89' lang='lat' dir='ltr'><strong>super</strong></span> <span class='ocrx_word' id='word_1_423' title='bbox 411 2489 591 2530; x_wconf 84' lang='lat' dir='ltr'><strong>hocloco</strong></span> <span class='ocrx_word' id='word_1_424' title='bbox 607 2490 664 2529; x_wconf 87' lang='lat' dir='ltr'><strong>his</strong></span> <span class='ocrx_word' id='word_1_425' title='bbox 678 2490 826 2530; x_wconf 82' lang='lat' dir='ltr'><strong>verbis:</strong></span> <span class='ocrx_word' id='word_1_426' title='bbox 850 2489 960 2527; x_wconf 87' lang='lat' dir='ltr'><strong>Hunc</strong></span> <span class='ocrx_word' id='word_1_427' title='bbox 966 2486 1080 2548; x_wconf 50' lang='lat' dir='ltr'><strong>{ocum</strong></span> <span class='ocrx_word' id='word_1_428' title='bbox 1102 2486 1152 2524; x_wconf 69' lang='lat' dir='ltr'><strong>iia</strong></span> <span class='ocrx_word' id='word_1_429' title='bbox 1170 2486 1326 2537; x_wconf 77' lang='lat' dir='ltr'><strong>interpre-</strong></span> 
     </span>
     <span class='ocr_line' id='line_1_44' title="bbox 951 2543 1078 2592; baseline -0.024 -12"><span class='ocrx_word' id='word_1_430' title='bbox 951 2543 989 2580; x_wconf 63' lang='lat' dir='ltr'>b</span> <span class='ocrx_word' id='word_1_431' title='bbox 1004 2552 1028 2592; x_wconf 78' lang='lat' dir='ltr'><strong>g</strong></span> <span class='ocrx_word' id='word_1_432' title='bbox 1057 2552 1078 2577; x_wconf 89' lang='lat'>2</span> 
     </span>
    </p>
   </div>
  </div>
 </body>
</html>
