1768 3185
159 170 308 222 ‚IN
374 164 1135 215 HARMONIDEM.
1221 187 1310 234 451

43 254 203 314 pedibus
223 268 392 312 pugnat,
417 255 660 309 colleEiaque
680 255 718 296 in
741 268 870 295 arcum
884 285 897 302 ,
915 253 1042 296 rostro
1065 256 1105 296 δι
1126 262 1320 312 unguibus

45 324 132 354 tota
147 314 303 367 tegitur:
314 315 349 352 ei
362 311 571 351 auxiliatur
584 310 779 363 accipiter,
791 308 946 349 foedere
958 310 1127 363 quodam
1143 325 1319 365 naturae,

46 379 92 407 ut
111 369 234 421 inquit
245 367 338 406 Plin.
355 365 528 406 Laertius
541 364 684 409 scribit,
700 364 909 403 Timonem
926 363 1142 404 Philiafium
1157 367 1232 406 hoc
1246 381 1321 408 no·

46 422 150 461 mine
170 422 336 460 maxime
359 418 636 472 reprehendisse
657 417 916 466 Arcesilaum,
932 419 1038 471 quod
1059 419 1089 458 is
1113 421 1321 472 populares

45 475 201 528 plausus
218 487 299 514 non
317 475 427 513 aliter
447 471 744 518 conseetaretur,
767 482 883 523 atque
904 471 1047 512 noema
1067 471 1260 527 frequenti
1278 489 1320 515 a·

42 529 157 568 vium
179 540 380 568 conventu
402 527 526 567 claudi
546 524 760 565 consuevit.
782 525 885 563 Haec
906 527 977 573 ait,
992 527 1027 565 6³
1046 529 1179 568 turbam
1199 530 1319 570 dextra

0 578 1 590 ¹
45 583 207 636 laevaque
221 581 428 636 frequentem
444 581 646 633 Ingreditur,
664 581 818 619 volucres
840 580 956 617 ululas
979 581 1146 620 mirantur
1164 583 1319 636 ineptae,

45 637 116 676 Illa
125 637 390 690 stupetfiilz‘dum
399 651 415 683 ;
428 634 496 686 sed
507 648 546 673 tu
558 635 746 685 vanffme,
756 634 866 684 plebis
888 635 1066 686 Captator,
1082 637 1168 688 quid
1183 640 1224 676 ob
1236 640 1318 678 lzaec

47 701 120 729 tam
141 706 210 730 non
226 691 406 743 praeclara
421 689 605 742 superbis?
619 688 682 728 Sic
709 687 940 741 Apologum
962 689 1066 741 Ang.
1090 689 1260 732 Politian.
1282 693 1321 732 in

45 743 115 784 sua
129 745 261 784 Lamia
279 745 455 797 exponit.
477 742 625 782 COGN.
638 742 737 780 Aves
760 741 848 779 circa
865 745 1028 780 nmquam.
1054 743 1194 784 Cetera
1217 747 1320 786 enim

43 796 132 838 sunt
146 800 382 852 interpretis,
408 810 487 836 non
509 796 677 836 Luciani.
699 794 764 835 De
778 795 855 834 hoc
878 808 992 848 prov,
1008 796 1171 836 Aristot.
1192 799 1321 840 Laert.

46 851 130 892 Dio
145 851 473 904 chrysostomus,
491 851 562 889 alii.
586 851 759 891 Eoum).
773 850 862 888 Vid.
882 849 1030 890 Aelian.
1055 851 1101 890 de
1124 851 1257 892 Anim.
1279 854 1320 903 1,

47 920 71 944 2
103 936 112 946 .
127 905 286 946 SOLAN.
306 905 424 946 Conf.
438 904 557 944 Dion.
573 902 772 956 chrysost.
786 902 983 943 laudatum
996 916 1018 942 a
1038 904 1085 944 cl.
1103 905 1147 945 B.
1163 906 1320 948 dessau.

91 971 160 1000 rat.
175 961 269 1010 XII,
284 974 320 1014 p.
335 973 408 1014 37⁰
421 959 478 998 ed.
494 958 625 998 Reisk.

99 1015 182 1054 ibid.
194 1017 252 1053 Τὲι
267 1013 391 1067 ὄρνεα)
403 1013 529 1053 Saltus
541 1044 553 1062 ‚
572 1025 688 1066 quem
705 1011 911 1064 typotheta
932 1012 972 1051 in
985 1012 1077 1052 lunt.
1092 1012 1202 1062 fecit,
1216 1015 1320 1055 vide-

44 1078 110 1108 tur
131 1080 245 1108 natus
260 1081 282 1107 a
302 1067 544 1108 similitudine
563 1066 841 1106 terminationis
862 1066 902 1104 in
920 1081 984 1106 κα.
1007 1068 1109 1108 Hinc
1128 1068 1273 1123 reliqua
1296 1084 1319 1110 a

47 1120 210 1177 ’γλαῦκα
224 1122 345 1176 usque
358 1123 403 1161 ad
417 1123 617 1162 πεπόνηκα
632 1119 770 1160 omisit.
785 1119 930 1159 Rmz.

101 1178 177 1216 ead.
190 1177 214 1216 l.
233 1191 289 1216 12.
305 1175 423 1215 Ταῦτ’
438 1178 518 1215 ἐστι
533 1175 571 1214 δ’
591 1174 690 1224 ἄπες
712 1172 908 1225 hvid-(mv)
926 1175 1026 1228 Lege
1047 1174 1101 1215 sa’
1121 1173 1220 1228 ’άπερ
1235 1175 1317 1231 ἧυξ.

45 1230 238 1271 MARcu..
253 1231 307 1271 At
320 1230 411 1270 illud
423 1230 475 1270 δι’
488 1242 562 1282 ego
578 1231 653 1267 iam
669 1230 706 1267 in
718 1228 798 1267 edd.
811 1229 955 1281 antiqq.
971 1231 1105 1281 reperi.
1121 1231 1267 1270 Rmz.

100 1289 174 1324 ead.
189 1286 212 1324 l.
231 1298 289 1337 ¹5·
304 1284 503 1337 Μαρσύας)
522 1283 606 1323 Vid.
622 1282 720 1322 infra
735 1281 879 1322 advers.
898 1282 1038 1322 indoet.
1051 1296 1085 1323 c.
1102 1298 1134 1336 5.
1148 1285 1292 1325 Rmz.

99 1340 179 1379 ibid.
188 1336 407 1390 Ὄλυμπος)
425 1338 540 1377 Hunc
550 1338 687 1377 iterum
702 1337 875 1376 nominat
889 1336 1046 1377 Ἀπαιὲ.
1063 1350 1097 1378 c.
1117 1351 1147 1390 5.
1161 1338 1321 1380 sotim.

102 1397 176 1433 ead.
190 1395 212 1432 I.
229 1394 287 1433 16.
309 1390 426 1433 Οὐθὲν
438 1391 536 1445 γὰρ)
551 1389 621 1431 Τῆς
645 1390 891 1430 λανθανούσης
911 1389 1095 1442 μουσικῆς
1115 1388 1236 1433 οὐδεὶς
1254 1394 1320 1433 Ab·

44 1448 232 1501 705.Vid.
250 1448 406 1500 interpr.
420 1445 533 1485 Persii
545 1446 590 1485 ad
607 1445 684 1485 Sat.
705 1460 735 1484 1.
752 1445 926 1484 Bonan.

101 1505 173 1541 ead.
189 1503 212 1541 l.
229 1516 287 1550 17.
304 1501 421 1553 Φασὶ)
436 1501 614 1539 Meminit
631 1499 743 1539 huius
759 1498 960 1552 proverbii
973 1497 1124 1540 Gellius
1139 1499 1243 1549 XIII,
1256 1514 1317 1554 30.

46 1556 215 1598 VoRsr.
234 1555 344 1596 Adde
358 1556 400 1595 &
419 1555 550 1608 Eurip.
572 1554 675 1593 Med.
692 1567 775 1603 542.
792 1553 887 1592 Item
903 1552 1142 1593 Suetonium.
1159 1554 1320 1595 SOLAN.

102 1612 182 1650 ibid.
197 1607 376 1660 Ἀψανοῦς
394 1607 458 1648 τῆς
471 1606 682 1661 μουσικῆς)
698 1607 824 1646 Huius
838 1607 963 1660 adagii
981 1606 1110 1647 sensus
1125 1609 1196 1659 est,
1211 1608 1320 1662 quas-

48 1664 110 1704 vis
121 1666 291 1717 egregias
305 1664 414 1703 dotes
425 1663 564 1715 ingenii
575 1693 586 1710 ‚
599 1661 629 1700 fi
644 1674 725 1701 non
738 1659 932 1713 proferas,
943 1662 1099 1714 perinde
1112 1661 1200 1711 effe,
1212 1663 1319 1716 quafi

46 1732 128 1759 non
148 1719 299 1758 habeas.
315 1717 418 1758 Suet.
435 1717 474 1755 in
495 1716 587 1756 Ner.
604 1715 703 1756 Gell.
727 1727 811 1768 cap.
829 1715 898 1755 ult.
910 1715 951 1754 L.
969 1714 1157 1768 13.Ovid.
1171 1717 1321 1768 (immo

47 1773 104 1814 111
124 1773 210 1813 Art.
228 1785 304 1812 am.
318 1770 434 1825 399.)
452 1771 502 1809 Tu
526 1772 601 1810 licet
620 1770 655 1808 ὅ·
680 1770 891 1821 Thamyram
903 1770 1044 1821 superes
1065 1781 1166 1823 atque
1180 1771 1319 1823 Orphea

51 1840 155 1868 cantu
168 1859 180 1876 ,
195 1829 280 1866 Non
292 1827 352 1865 erit
363 1827 498 1879 ignotae
507 1825 620 1875 gratia
633 1839 756 1877 magna
772 1825 876 1875 lyrae.
891 1822 1037 1862 COGN.

105 1882 195 1934 Pag.
214 1895 227 1920 1
237 1894 299 1929 40.
315 1881 338 1919 l.
355 1893 386 1919 1.
398 1878 485 1932 Καὶ)
500 1880 571 1918 W.
586 1877 689 1917 solus
703 1877 818 1917 habet
831 1877 922 1916 illud
936 1878 1002 1916 καὶ
1016 1887 1105 1917 ante
1123 1876 1187 1917 ἐπ’
1202 1879 1320 1931 ἀμφό-

48 1950 96 1977 τε
118 1950 157 1974 α.
177 1935 336 1976 SOLAN.

97 1951 183 2029 fibid.
195 1987 275 2028 Ἐπ’
287 1985 487 2038 ἀμφότερα
499 1985 653 2032 πιστοὶ)
670 1984 914 2032 Βθηεόὶξὶυς,
922 1985 1092 2038 speeIatae
1102 1986 1256 2040 utrinque
1263 1988 1321 2038 fi-

46 2044 113 2084 dei.
129 2043 240 2096 Quid
253 2041 494 2086 intellexerit,
504 2039 581 2093 ipse
595 2039 732 2079 viderit
745 2056 751 2078 :
764 2051 868 2079 certe
883 2052 1127 2092 nequaquam
1140 2042 1185 2079 ad
1197 2040 1321 2081 Grae·

51 2111 107 2138 ca.
124 2097 382 2150 Obsopoeus‚
396 2109 535 2148 quorum
546 2095 633 2148 fides
644 2094 679 2132 in
692 2107 833 2146 utraque
840 2093 987 2144 fhrtuna
993 2096 1143 2145 speciata
1152 2097 1214 2146 sit.
1228 2095 1319 2134 Ab·

48 2151 272 2192 surdiffime:
292 2163 362 2189 nec
375 2151 479 2188 enim
505 2149 578 2187 huc
595 2147 750 2187 adversa
769 2148 832 2187 vel
853 2146 1015 2187 secunda
1035 2148 1247 2201 quidquam
1267 2150 1321 2189 fa-

51 2207 169 2246 ciunt.
183 2205 308 2244 immo
321 2207 370 2242 ad
380 2216 574 2255 utrumque,
597 2201 658 2241 vel
671 2202 706 2240 in
725 2215 886 2255 utroque,
900 2213 1037 2256 nempe
1059 2202 1099 2242 δι
1115 2203 1320 2256 reprehen.

52 2261 178 2301 dendo
188 2260 229 2299 δι
242 2257 508 2312 approbando.
523 2256 669 2297 GRoN.

107 2317 181 2354 ead.
202 2315 224 2352 l.
238 2310 582 2367 3.Ἐπαινέσονται)
601 2311 678 2367 1191
695 2308 878 2361 legimus,
903 2309 931 2350 εἰ
951 2309 1098 2349 τούτοις
1119 2310 1219 2360 φημὶ
1240 2311 1321 2350 ἐστι.

54 2367 204 2420 ὃείξαιο
215 2370 270 2406 v&
284 2362 495 2415 αὐλήματα
506 2394 516 2409 ,
534 2365 598 2402 καὶ
610 2366 708 2402 οὑτοι
723 2364 982 2403 ἐπαινέσονταί
996 2378 1040 2403 σε
1051 2393 1064 2410 ,
1079 2361 1229 2403 ἅπασιν
1237 2359 1322 2404 Ἕλ-

53 2434 143 2462 λησι
156 2421 274 2472 νόμιζε
293 2418 363 2461 iisn
378 2433 459 2472 ’γεγ
467 2416 619 2457 eruebat
635 2418 830 2470 γνώριμος,
845 2430 924 2457 non
937 2418 1073 2457 dubito
1085 2447 1097 2464 ,
1116 2419 1211 2470 quin
1226 2418 1321 2460 haec

51 2488 214 2530 quoque
228 2477 354 2516 oratio
368 2475 466 2514 vitio
478 2473 596 2512 unius
610 2473 740 2512 literae
752 2472 929 2512 decorem
945 2470 1056 2565 ἷιὲυὲη
1069 2471 1235 2513 amiserit
1245 2503 1257 2523 ,
1271 2473 1321 2514 le-

1056 2539 1078 2564 2
