1841 3180
473 237 566 284 3ss
669 215 1551 265 ANNOTATroNEs

470 307 567 347 ’ὅσιον
579 301 687 346 εἶναι.
699 306 745 345 In
757 307 829 345 W.
852 305 981 350 etiam,
1001 302 1068 342 nisi
1083 303 1190 356 quod
1206 317 1277 356 pro
1289 301 1380 344 ε’ἷνοιι
1395 305 1510 344 habet
1521 322 1552 344 n.
1568 304 1623 345 ΡΙ.
1638 300 1668 347 ἦ.
1682 304 1753 346 Ed:

471 362 503 401 1.
517 360 558 400 εἰ.
576 360 725 400 Omnes
737 372 868 412 prave.
883 359 967 410 Ego
981 359 1109 410 itaque
1122 357 1197 396 levi
1218 359 1288 397 hac
1305 358 1600 411 transpositione
1614 359 1747 400 locum

471 413 613 453 sanasse
626 414 715 452 mihi
728 413 875 452 videor.
894 413 997 451 Nihil
1015 412 1114 451 enim
1132 412 1209 450 iam
1226 412 1397 452 refluum
1415 412 1487 458 est,
1505 413 1612 465 quod
1629 426 1751 466 nego·
1788 430 1789 436 ¹

473 470 569 507 tium
585 467 756 515 facessat,
772 467 958 518 facileque
980 465 1070 504 illud
1085 461 1175 504 εἶναι
1199 479 1270 517 pro
1290 462 1395 516 οἶμαι
1414 466 1591 519 scriptum
1614 466 1753 513 fuerit,

471 523 580 574 quod
595 520 839 559 necessarium
855 533 942 559 cum
963 519 1078 565 esset,
1102 519 1189 557 alibi
1213 519 1394 559 insertum
1416 519 1469 559 est
1481 551 1493 570 ,
1509 521 1550 560 &
1564 534 1637 575 pro
1654 517 1752 561 εἶναι

473 576 626 629 quidvis
640 575 687 613 ab
703 574 885 626 imperitis
901 572 1081 626 positum.
1094 573 1252 612 SOLAN.

530 629 617 681 Pag.
635 641 692 666 12.
705 629 728 666 l.
746 642 776 665 1.
792 627 1017 677 Ἐκηλοὺμην
1036 629 1129 680 πρὸς
1151 630 1214 664 τὸν
1236 626 1373 679 λόγον)
1387 626 1499 666 sicin
1519 627 1687 680 Nigrino
1709 627 1752 668 &

472 681 583 734 saep:
599 681 707 720 alibi:
730 681 867 733 pagina
884 680 953 720 281
973 681 1012 721 &
1026 681 1105 733 seq:
1116 680 1273 733 Repetit
1286 681 1324 719 in
1340 680 1486 733 Lapith.
1501 681 1676 721 BOURD.

529 738 602 773 ead.
620 736 643 773 l.
658 749 690 773 2.
709 734 898 786 Πλούτου)
910 734 1012 774 Cum
1027 735 1072 773 ad
1087 733 1298 773 l’arifinum
1313 735 1510 788 exemplar
1521 735 1754 776 describatur
1793 758 1799 791 ἑ

473 789 569 828 haec
582 789 712 837 editio,
725 790 837 839 idque
849 789 910 828 hic
924 789 1057 828 habeat
1071 788 1242 828 πλούτων
1253 787 1400 835 ἔφησθα,
1412 789 1663 841 καταφρονεῖν,
1677 790 1753 831 hoc
1793 793 1799 834 ἶ

475 842 596 895 ipsum
612 843 754 882 editum
768 841 893 882 fuisset
903 872 914 889 ‚
934 842 998 881 nisi
1018 843 1123 895 prius
1134 841 1297 894 reliquas
1310 841 1391 881 edd.
1404 841 1689 890 confuluiffem,
1703 856 1754 884 ex

474 897 616 949 quibus
628 897 719 935 nihil
730 897 955 936 variationis
966 908 1170 935 notaverat
1182 895 1356 935 Solanus.
1368 895 1510 936 Evolvi
1524 898 1652 951 itaque
1663 898 1756 938 alias
1802 900 1804 931 ἶ
1837 922 1841 927 -

475 952 579 990 editt.
595 951 680 998 sex,
696 950 834 1004 easque
850 952 1015 990 πλούτου
1039 951 1181 989 habere
1200 950 1451 1003 deprehendi,
1466 964 1545 990 non
1567 951 1757 1000 πλούτων,
1797 976 1805 990 2«
1839 997 1841 1000 .

475 1005 515 1044 &
532 1004 581 1044 fic
596 1003 707 1058 supra
723 1017 806 1058 cap.
827 1004 848 1043 8
871 1005 1036 1044 πλούτου
1053 1027 1097 1034 -
1112 1004 1177 1042 καὶ
1197 1001 1331 1045 irsovczv
1354 1003 1657 1057 καταγελῶντας
1674 1005 1756 1059 ipsa
1805 1012 1806 1015 ’

477 1060 595 1098 etiam
610 1059 722 1098 habet
735 1058 913 1098 Parifina.
930 1058 1094 1111 Alioqui
1109 1070 1188 1097 non
1204 1058 1302 1098 male
1313 1057 1487 1097 πλούτων
1500 1058 1576 1098 huc
1588 1060 1757 1113 quadra·
1805 1101 1808 1109 Α

475 1123 558 1161 ret3
575 1112 635 1151 sed
655 1113 747 1165 quia
767 1124 977 1165 utrumque
994 1113 1164 1158 testum,
1185 1125 1263 1151 non
1284 1110 1397 1151 ausus
1415 1110 1498 1151 sum
1512 1125 1581 1152 um
1594 1113 1757 1154 editioni

475 1180 569 1220 prae
583 1167 763 1206 omnibus
775 1166 998 1206 auscultare.
1010 1167 1092 1206 Nec
1106 1178 1232 1205 tamen
1247 1165 1433 1218 pluralem
1447 1165 1604 1206 πλοῦτοι
1619 1180 1691 1219 pro
1708 1168 1758 1207 di·
1798 1199 1799 1203 ,
1837 1162 1841 1168 '

475 1222 570 1261 vitiis
583 1220 742 1273 usquam
756 1221 845 1260 alibi
859 1222 1034 1266 invenio,
1045 1233 1093 1259 ne
1106 1222 1142 1258 in
1153 1219 1419 1259 Ecclesiasticis
1431 1220 1583 1272 quidem
1597 1220 1758 1274 scripto·

476 1275 597 1320 ribus,
612 1288 660 1313 ex
674 1274 817 1327 quibus
828 1285 988 1314 centena
1000 1273 1199 1327 fingularis
1212 1273 1386 1325 exempla
1398 1273 1514 1313 habet
1524 1274 1704 1315 Suicerus
1716 1278 1757 1316 in
1810 1279 1811 1282 ’

477 1327 592 1369 Thes.
606 1329 652 1367 Et
663 1327 714 1368 fic
725 1329 840 1368 etiam
856 1327 994 1380 plurali
1008 1329 1218 1380 χρημάτων
1231 1339 1358 1367 tamen
1372 1327 1505 1388 finguj.
1517 1327 1685 1369 πλούτου
1697 1330 1758 1369 ad·
1792 1338 1797 1348 ¹
1811 1337 1813 1373 ζ

476 1384 530 1423 dit
543 1382 704 1422 Aristot.
718 1382 798 1422 Pol.
817 1382 847 1430 I,
863 1395 896 1422 c.
915 1383 955 1431 6,
968 1380 1157 1430 scribens,
1174 1382 1346 1422 ποιητικὴ
1360 1383 1440 1434 ’γὰρ
1455 1386 1548 1422 εἶναι
1564 1382 1632 1422 w]
1643 1384 1759 1423 πλού-

476 1452 544 1477 του
566 1437 633 1475 καὶ
713 1436 874 1487 κμάτων·
897 1437 989 1476 ibid.
1010 1436 1128 1488 paulo
1151 1435 1256 1498 post,
1279 1435 1445 1475 πλοῦτος
1460 1437 1526 1476 καὶ
1543 1438 1757 1489 χρημάτων

476 1490 624 1531 κτῆσις.
693 1504 746 1530 ox
767 1489 914 1537 rursus,
930 1493 1075 1531 cmv-fbf
1099 1500 1264 1530 πλουτου
1280 1489 1355 1530 &c.
1371 1489 1436 1530 ubi
1451 1491 1658 1531 commode
1672 1491 1759 1545 plu:
1815 1522 1817 1533 .

477 1545 597 1584 ralem
611 1544 789 1597 potuiffet
805 1544 1004 1591 adhibere,
1021 1544 1048 1583 s1
1069 1545 1100 1583 is
1116 1542 1239 1583 fuisset
1257 1544 1427 1583 usitatus.
1444 1544 1547 1584 Tum
1562 1558 1660 1585 vero
1673 1545 1759 1598 plu-
1816 1564 1818 1575 ν

477 1600 547 1640 rali
560 1600 662 1638 redte
673 1599 805 1644 utaris,
815 1598 841 1637 st
853 1611 1028 1650 quaeras,
1041 1611 1135 1638 num
1149 1597 1229 1637 duo
1243 1597 1421 1637 fintPluti
1430 1600 1451 1637 ?
1466 1599 1530 1638 vel
1543 1612 1591 1638 an
1604 1598 1755 1640 differat
1816 1592 1819 1603 ’

478 1654 608 1691 Plutus
624 1665 645 1691 a
660 1654 806 1691 Plutone
818 1681 828 1699 ‚
844 1653 910 1705 qui
928 1666 996 1692 rex
1010 1651 1100 1692 esset
1120 1650 1334 1691 inferorum
1348 1681 1361 1698 ‚
1376 1652 1469 1692 alter
1493 1652 1642 1706 praeses
1656 1654 1758 1694 divi·
1818 1656 1821 1679 ἲ

478 1708 618 1746 tiarum
632 1738 643 1755 ,
662 1707 727 1746 vel
748 1705 850 1758 ipsae
869 1719 985 1758 opes,
1004 1717 1047 1745 ut
1065 1706 1218 1745 videtur
1231 1705 1372 1745 Noster
1387 1705 1615 1760 distinguere
1631 1709 1671 1747 in
1682 1709 1760 1748 Ti-
1820 1724 1821 1754 1

478 1773 585 1800 mon.
604 1773 636 1799 c.
653 1775 717 1806 21,
732 1760 800 1800 ubi
815 1760 880 1798 PL
888 1763 930 1799 U
934 1763 965 1799 T
969 1761 1038 1800 [JS
1049 1761 1101 1799 ait
1111 1790 1122 1806 ,
1139 1759 1178 1811 fi
1192 1775 1260 1799 non
1269 1759 1351 1811 suis
1365 1761 1492 1813 ingredi
1497 1761 1656 1814 pedibus,
1661 1764 1726 1814 fid
1733 1779 1760 1802 a:
1811 1793 1814 1797 -

479 1816 746 1853 PLUTONE
759 1815 865 1861 mitti,
882 1815 928 1854 de
951 1828 1032 1867 quo
1052 1814 1214 1866 disputat
1230 1813 1371 1868 Spanh.
1387 1815 1432 1854 ad
1447 1814 1644 1868 Aristoph.
1659 1816 1757 1857 Plut.

477 1882 571 1920 727.
586 1868 656 1908 Sed
670 1869 733 1907 vel
748 1881 814 1921 per
828 1869 960 1908 iocum
977 1869 1028 1908 ibi
1040 1867 1091 1908 fic
1103 1869 1276 1920 loquitur
1291 1869 1502 1915 Lucianus,
1517 1869 1583 1910 vel
1594 1882 1732 1910 verum
1745 1902 1760 1919 ‚
1822 1893 1825 1900 ·

480 1922 588 1975 quod
598 1923 780 1962 Barlaeus
792 1923 847 1961 ibi
860 1933 970 1962 notat
980 1954 994 1970 ‚
1007 1922 1073 1962 etfi
1085 1923 1214 1961 Plutus
1228 1935 1250 1962 a
1263 1923 1409 1962 Plutone
1419 1922 1589 1963 diversus
1598 1923 1643 1963 fit
1654 1925 1758 1978 apud

479 1979 616 2029 poetas
628 2008 639 2024 ‚
666 1988 876 2029 utrumque
897 1988 1024 2016 tamen
1047 1977 1201 2015 divitias
1227 1977 1357 2029 largiri
1383 1977 1583 2017 creditum.
1604 1979 1758 2019 Verum

480 2030 629 2070 Barlaei
642 2042 756 2070 notas
769 2030 984 2070 Hemsterh.
1004 2031 1055 2069 ibi
1075 2043 1154 2069 non
1173 2031 1313 2069 addidit
1325 2062 1336 2080 ,
1351 2043 1421 2070 nec
1435 2044 1507 2070 nos
1526 2032 1599 2070 iam
1613 2032 1658 2072 de
1672 2033 1760 2073 Plu.

479 2097 516 2123 to
529 2098 571 2124 re
585 2085 695 2124 nimis
710 2096 802 2124 nota
826 2085 936 2136 plura
950 2083 1234 2137 disputabimus.
1257 2084 1438 2138 Quisque
1457 2086 1561 2124 enim
1579 2084 1688 2127 facile
1703 2087 1761 2126 in·

479 2139 630 2192 telligit,
644 2138 672 2177 fi
684 2137 945 2178 πλουτοδότης
957 2149 1124 2178 vocatur
1139 2139 1257 2185 Pluto,
1273 2138 1314 2177 δι
1327 2139 1455 2178 Plutus
1467 2152 1563 2192 opes
1575 2139 1761 2194 defignat,

480 2196 584 2235 redile
605 2193 679 2232 dici
701 2192 854 2232 Plutum
877 2206 900 2231 a
924 2193 1087 2232 Plutone
1115 2194 1228 2232 mitti.
1253 2191 1329 2232 Etsi
1355 2194 1459 2233 enim
1484 2193 1614 2233 Plutus
1637 2196 1758 2236 modo
1816 2230 1818 2234 ,

480 2246 638 2293 Deum,
663 2247 782 2286 modo
803 2247 955 2287 divitias
977 2247 1183 2299 significet,
1210 2247 1373 2286 Plutonis
1399 2247 1603 2300 appellatio
1629 2257 1760 2289 tamen
1817 2254 1831 2290 J

481 2315 563 2341 non
579 2302 630 2340 ita
644 2300 859 2354 promiscua
875 2300 947 2347 est,
962 2303 1054 2354 quin
1069 2314 1113 2341 ea
1137 2300 1267 2340 Deum
1282 2300 1362 2341 fere
1376 2313 1524 2341 tantum
1547 2300 1760 2355 significet,
1816 2323 1817 2327 =

479 2355 542 2408 (ἃ
560 2355 648 2395 licet
671 2354 783 2395 semel
808 2357 1023 2408 iterumque
1044 2355 1301 2394 confundatur
1322 2355 1479 2407 aliquod
1494 2368 1657 2404 nomen,
1673 2357 1762 2397 inde

479 2420 609 2449 tamen
624 2422 703 2448 non
724 2408 908 2462 sequitur,
925 2423 1080 2448 omnem
1095 2408 1346 2448 differentiam
1362 2408 1580 2462 sublatam.)
1601 2409 1760 2451 Interim
1818 2454 1820 2459 ,

482 2463 667 2515 pluralem
681 2463 851 2503 πλούτων
870 2464 944 2503 hoc
959 2464 1048 2504 loco
1063 2464 1164 2503 refte
1176 2463 1249 2516 legi
1264 2462 1368 2516 poffe
1382 2464 1498 2503 credo
1511 2494 1521 2510 ‚
1540 2463 1631 2516 quia
1644 2464 1761 2516 Lyci-

484 2530 558 2556 nus
573 2518 644 2564 ait,
658 2528 703 2558 tu
713 2547 727 2564 ,
740 2518 1000 2568 Hermotime,
1017 2518 1107 2557 mihi
1123 2518 1303 2558 narrabas
1318 2517 1451 2567 modo,
1466 2518 1665 2558 divitiarum
1679 2534 1759 2560 coa-
1819 2542 1823 2549 -

1836 3014 1839 3022 ,
1827 2834 1841 2974 ψηι-«κιπ
1820 2786 1832 2798 ⁴*
1824 2731 1826 2734 ’
