1841 3180
510 197 600 263 508
703 192 1645 246 ANNOTATIONES·

505 303 549 328 νει
564 289 772 341 πιστότεροι
794 287 884 330 εἶναι
899 288 971 329 τῶν
991 288 1089 328 ὤτων
1102 287 1219 328 sone?
1236 288 1316 328 Οὶκ.
1339 301 1374 328 c.
1395 302 1444 329 20
1456 319 1466 336 ‚
1484 282 1565 329 zm
1578 287 1658 342 γὰρ
1667 294 1770 343 ‘ru-73

506 344 626 394 χάνει
641 343 749 382 ἕοντοι
764 345 1002 395 ἀπιστότερα
1016 341 1218 391 ὀφθαλμῶν.
1235 342 1324 382 Vid.
1339 343 1451 396 igitur
1462 343 1653 383 Herodot.
1671 342 1713 391 Ῑ,
1726 342 1765 383 8.

505 396 548 434 in
561 408 656 436 nota
667 409 793 437 autem
809 396 951 436 Bourd.
963 395 1047 450 post
1062 397 1180 436 verba
1190 395 1324 436 Iulian.
1335 395 1513 449 Imperat.
1527 395 1641 449 Epist.
1650 396 1745 436 adde
1754 411 1768 435 ε

505 450 551 488 ad
565 450 818 496 Leontinum,
837 450 852 488 ὃ
877 448 1087 503 noym-0155.
1111 449 1269 490 δοῖ-ΑΝ.
1289 450 1382 489 Non
1406 449 1454 489 ab
1473 460 1632 491 oratore
1648 450 1768 498 haec,

503 503 564 542 sed
584 504 631 543 ab
652 504 847 543 Historiae
867 514 1021 556 parente
1035 514 1230 543 mutuatus
1248 513 1329 542 erat
1343 503 1406 544 ille
1423 503 1609 544 tenebrio.
1621 504 1673 543 V.
1686 504 1769 544 He-

506 557 589 596 rod.
604 557 643 604 1,
656 557 680 595 8
691 587 701 605 ,
716 570 799 610 pag.
816 570 849 607 3,
865 559 903 596 in
919 557 1047 598 verbis
1059 556 1264 597 Candaulis
1278 556 1324 596 ad
1340 557 1484 610 Gygen
1495 557 1566 606 ,ἃ
1579 556 1768 598 Nostrum

505 611 614 663 Ὀρχ.
629 623 711 664 cap.
724 611 788 658 78,
802 612 842 650 δι
855 611 935 650 Οἰκ.
949 624 1034 664 cap.
1055 625 1112 663 19.
1124 610 1237 662 Quid
1249 623 1345 664 ergo
1361 610 1439 660 fiet,
1455 612 1617 664 inquies,
1635 614 1666 651 T
1666 611 1766 651 sturio

504 664 745 704 Bourdelotii
759 666 798 704 δι,
819 665 954 704 Iuliani
972 667 1129 704 oratore?
1148 665 1210 705 Sic
1223 666 1366 718 accipe.
1382 665 1626 705 Herodotum
1639 665 1769 706 voluit

505 717 699 763 lulianus,
724 731 812 758 cum
833 719 974 770 Θούριον
993 722 1190 772 ).ογοποι“ον
1210 719 1324 766 dixit,
1345 718 1493 772 quippe
1517 720 1583 773 qui
1606 719 1768 759 traditur

506 770 661 811 Thuriis
678 772 716 810 in
736 772 843 812 Italia
862 772 1054 812 historiam
1074 771 1336 824 conscripslffe.
1353 772 1430 825 (V.
1446 772 1538 812 Plin.
1552 773 1648 821 XII,
1660 788 1708 822 4,
1727 774 1768 813 δι

505 824 693 866 Plutarch.
710 838 824 879 1073,
838 826 898 879 2.)
915 827 1006 866 Hoc
1028 839 1118 866 cum
1135 837 1202 865 aut
1220 825 1377 865 nesciret
1389 826 1685 875 Bourdelotius,
1701 837 1769 868 aut

505 891 659 919 crucem
674 879 944 919 Grammaticis
959 880 1072 919 fixam
1091 881 1186 919 hanc
1201 880 1315 919 vellet
1325 911 1336 929 ,
1357 880 1518 919 leurium
1531 881 1642 921 nobis
1654 892 1769 921 orato-

505 949 571 972 rcm
585 947 657 986 pro
670 934 879 973 Herodoto
891 933 1011 973 finxit.
1028 934 1108 988 Ipse
1118 934 1272 986 quidem
1286 934 1483 974 Lucianus
1496 937 1694 987 λογοποὼν
1707 948 1769 989 ap-

504 987 620 1040 pellat
643 989 886 1027 Herodotum
899 1019 911 1035 ,
927 1002 972 1036 4¹
987 1002 1000 1026 1
1029 987 1053 1027 f.
1073 989 1143 1027 Sed
1154 988 1349 1041 scriptorem
1364 989 1466 1029 recte
1486 989 1670 1037 verteris,
1687 1001 1769 1036 non

504 1053 680 1080 oratorem.
695 1042 760 1080 An
779 1053 906 1081 autem
919 1042 1073 1082 Thuriis
1087 1042 1223 1094 scripta
1243 1041 1355 1081 fuerit
1370 1041 1417 1080 ab
1431 1042 1637 1082 Herodoto
1648 1042 1769 1082 histo-

504 1095 558 1133 ria
569 1126 585 1144 ,
595 1095 683 1135 alibi
695 1095 908 1148 quaefitum
921 1096 973 1136 est
987 1109 1008 1135 a
1021 1095 1130 1135 nobis
1141 1096 1177 1135 N
1180 1109 1246 1136 ora
1259 1096 1304 1135 ad
1314 1094 1431 1146 Ἥροδξ
1441 1108 1472 1136 c.
1491 1109 1506 1134 1
1515 1095 1770 1137 .ID1·:M.Thu-

503 1163 515 1187 ι
528 1150 602 1188 ium
617 1162 813 1189 oratorem
830 1160 948 1190 vocat
966 1150 1111 1190 Bourd.
1124 1150 1177 1189 At
1189 1151 1274 1204 quis
1285 1148 1338 1189 est
1349 1149 1520 1190 Thurius
1535 1150 1596 1190 ille
1610 1152 1768 1190 orator?

506 1202 677 1243 Nescivit
692 1204 985 1252 Bourdelotius,
1000 1204 1247 1244 Herodotum
1261 1204 1311 1244 ita
1323 1204 1457 1244 vocari
1469 1204 1516 1243 ab
1527 1204 1707 1258 antiquis.
1721 1205 1772 1244 11-

506 1257 578 1296 iius
592 1256 677 1297 sunt
691 1257 783 1297 haec
801 1258 919 1297 verba
932 1258 973 1297 L.
989 1257 1027 1304 Ι,
1042 1271 1075 1298 c.
1088 1257 1123 1297 8.
1134 1258 1195 1297 LA
1207 1257 1370 1297 CROZE.

559 1313 672 1351 e.1d.l.
688 1308 870 1364 13.‘'Qo·⁷e
890 1312 975 1351 τοὺς
993 1311 1202 1364 Σρόικοντας
1221 1310 1283 1359 ἔφη
1299 1334 1343 1341 --
1364 1310 1629 1366 παμμεγέθεις
1645 1307 1772 1366 εἶναι)

506 1364 639 1418 Inepte
653 1366 839 1419 interpres
853 1364 1025 1418 pristinus
1036 1396 1047 1413 ‚
1062 1365 1140 1419 (ait
1156 1366 1197 1405 L.
1211 1366 1290 1405 Bos
1306 1364 1399 1405 obs.
1414 1365 1507 1405 Crit.
1522 1380 1557 1420 p.
1572 1381 1617 1419 52
1630 1365 1648 1419 )
1660 1366 1770 1407 dece-

505 1430 593 1471 ptus
609 1433 726 1472 prava
741 1419 994 1459 distinetione:
1014 1431 1050 1458 ue
1062 1421 1200 1466 diceret,
1215 1420 1423 1459 Parthorum
1440 1422 1600 1459 dracones
1614 1421 1771 1472 (signum

504 1486 616 1512 autem
630 1475 693 1513 lzoc
705 1474 928 1512 multitudinis
942 1476 984 1526 est
994 1474 1087 1527 iffi-5,
1102 1475 1189 1513 mille
1204 1476 1289 1513 enim
1300 1475 1460 1513 dracones
1474 1474 1574 1514 vivos
1586 1476 1686 1515 draco
1695 1489 1772 1527 pro-

504 1528 624 1581 ducit)
640 1529 787 1580 ingentes
805 1529 889 1580 effi,
911 1527 946 1565 δ’
964 1528 1000 1567 in
1023 1529 1156 1580 Pcrfide
1174 1528 1335 1580 generari.
1348 1528 1413 1567 Tu
1433 1527 1642 1581 distingue,
1667 1524 1770 1569 ὥστε

504 1582 579 1621 &c.
599 1583 650 1621 ita
671 1594 713 1621 ut
736 1581 988 1634 parenthesi5‚
1009 1595 1108 1635 quae
1128 1581 1213 1636 post
1226 1581 1433 1633 δράκοντας
1446 1592 1551 1628 erat,
1573 1581 1657 1635 post
1677 1579 1771 1636 ἄγει

503 1635 770 1675 constituatur.
786 1636 925 1677 Cetera
940 1636 1002 1676 hic
1013 1649 1096 1676 non
1110 1648 1341 1689 repetemus,
1357 1636 1446 1690 quia
1457 1635 1573 1677 Gesn.
1589 1635 1706 1677 Boffii
1719 1637 1775 1676 di-

505 1688 743 1730 stinctionem
762 1690 801 1729 in
821 1689 885 1730 sua
900 1690 1076 1730 versione
1098 1690 1171 1729 iam
1190 1689 1244 1730 est
1258 1689 1418 1730 secutus.
1434 1689 1643 1730 Adleverat
1657 1691 1775 1731 etiam

504 1744 560 1783 M.
571 1745 623 1783 V.
640 1744 675 1783 la
700 1744 850 1791 Croze,
872 1743 1026 1798 peffime
1047 1746 1139 1785 haec
1160 1743 1266 1784 versa
1290 1743 1390 1791 efl'e,
1412 1743 1474 1784 sed
1494 1756 1575 1786 non
1595 1757 1775 1786 correxe-

504 1809 574 1837 rat.
589 1798 737 1838 Rmz.

559 1855 633 1891 ead.
654 1854 677 1891 l.
700 1867 756 1904 ις.
773 1850 918 1892 Ζῖὂντιις
933 1851 1074 1906 spelm.)
1094 1852 1154 1892 Sic
1176 1851 1505 1905 distinguendum,
1528 1865 1570 1893 ut
1592 1851 1782 1902 fecimus3

503 1905 571 1945 nifi
585 1906 814 1946 insuffiffime
827 1907 1013 1955 Luciam,
1028 1920 1127 1959 quae
1140 1906 1374 1946 tenebrionis
1385 1907 1484 1946 illius
1501 1907 1658 1960 propria
1673 1906 1774 1955 sunt,

503 1973 619 2011 quem
635 1960 724 2000 salse
738 1960 951 2014 perstringit
961 1991 976 2007 ,
990 1961 1169 2014 affingere
1183 1960 1289 2000 velis.
1304 1960 1430 2012 Quod
1442 1962 1592 2001 incaute
1603 1961 1715 2001 nimis
1724 1962 1775 2001 ab

505 2014 776 2068 interpretibus
796 2015 937 2054 Latinis
952 2045 965 2061 ,
987 2014 1146 2055 Gallico
1170 2013 1252 2067 ipso
1268 2044 1282 2061 ,
1304 2014 1506 2054 emunctae
1524 2026 1652 2055 tamen
1675 2016 1776 2055 naris

504 2069 616 2116 viro,
634 2067 787 2121 aliisque
801 2069 841 2108 &
859 2069 1037 2109 omnibus
1051 2069 1152 2108 libris
1167 2067 1306 2108 factum
1323 2068 1400 2117 est3
1418 2080 1459 2108 ut
1480 2070 1607 2109 mirari
1622 2068 1776 2118 subeat,

505 2122 719 2162 monstrum
733 2124 808 2162 hoc
823 2135 845 2161 a
859 2124 1012 2162 nemine
1024 2122 1110 2176 post
1120 2133 1269 2163 renatas
1282 2122 1409 2162 literas
1419 2121 1525 2164 fuisse
1535 2123 1776 2164 animadver-

506 2176 600 2216 sum.
617 2177 673 2216 Ex
687 2176 864 2216 versione
878 2176 1005 2215 nostra
1026 2177 1169 2230 patebit
1190 2175 1316 2216 sensus
1333 2177 1449 2218 huius
1467 2177 1546 2217 loci
1562 2175 1775 2217 manifestis-

506 2230 640 2278 fimus3
663 2231 705 2270 &
728 2230 839 2270 fimul
855 2241 997 2283 quanta
1012 2244 1146 2270 manus
1168 2231 1393 2271 Parthorum
1414 2230 1549 2279 fuerit,
1567 2243 1685 2283 quam
1703 2232 1775 2270 du-

506 2285 615 2324 cebat
638 2284 714 2324 hoc
737 2284 906 2338 fignum3
926 2285 1032 2337 quod
1053 2285 1139 2324 alibi
1162 2284 1287 2324 forsan
1310 2283 1447 2324 frustra
1469 2284 1682 2338 quaesteris.
1707 2285 1773 2325 De

506 2339 616 2391 iigno
630 2337 881 2385 Draconum,
902 2339 1007 2391 quod
1030 2339 1189 2391 Scythis
1207 2339 1321 2380 etiam
1343 2338 1522 2379 ufitatum
1537 2337 1643 2379 fuiffe
1664 2338 1774 2378 testa-

507 2403 573 2431 tur
587 2393 728 2432 Suidas.
744 2392 859 2445 Apud
870 2392 1072 2432 Romanos
1083 2424 1093 2441 ‚
1108 2394 1176 2445 qui
1189 2405 1274 2432 mos
1289 2392 1355 2432 sub
1368 2393 1508 2433 Marco
1523 2392 1694 2433 nondum
1714 2393 1775 2431 in·
1834 2404 1841 2447 ᾗ

506 2446 703 2492 valuerat,
719 2459 843 2499 neque
858 2447 916 2486 hic
936 2447 1082 2486 dicendi
1104 2447 1212 2486 locus
1227 2446 1302 2492 est,
1320 2447 1360 2486 &
1383 2459 1442 2486 res
1463 2459 1485 2486 a
1501 2447 1591 2486 viris
1610 2445 1777 2491 doctiss}-

506 2501 575 2540 mls
588 2513 637 2540 ex
650 2501 845 2556 Vegetio,
862 2500 1093 2551 Ammiano,
1111 2500 1344 2552 Claud-iano,
1362 2499 1517 2554 aliisque
1531 2500 1606 2541 iam
1619 2499 1780 2548 illustra·
1831 2517 1840 2539 a
