1841 3180
517 222 609 273 500
703 201 1581 252 ANNOTATIONES

511 302 697 338 Saturnus.
719 294 891 335 GRAEv.
916 291 1094 343 Ἐξέθαινον
1105 302 1258 345 praeter
1272 290 1344 331 Ms.
1359 291 1430 332 Gr.
1441 292 1555 331 etiam
1571 290 1626 331 M;
1638 289 1684 332 In
1696 289 1781 332 rel?-

513 352 601 405 quis
614 348 803 389 ἀπέθανον.
828 347 986 387 SOLAN.

568 407 642 443 ead.
656 404 679 442 l.
695 416 707 440 1
717 418 751 448 4·
765 401 967 453 Ἀρχόντων
979 397 1222 451 ἐπιστολαῖς)
1246 397 1362 450 Quas
1377 398 1551 452 epistolas
1568 397 1783 452 intelligat,

514 459 618 497 haud
636 456 744 495 facile
757 455 906 493 dixeris.
926 452 997 492 Sed
1009 464 1092 492 tum
1107 465 1154 492 ex
1174 452 1298 505 phrasi
1308 451 1381 493 τῶν
1397 451 1605 505 ἀρχόντων,
1622 463 1704 492 tum
1726 464 1778 492 ex

513 511 666 551 historia
677 539 689 555 ,
703 520 802 560 quae
817 517 1028 552 memorat,
1043 506 1207 546 Lucium
1225 506 1392 555 Verum,
1409 508 1499 546 dum
1518 506 1660 546 bellum
1683 504 1784 546 illud

514 565 731 617 gerebatur,
745 560 870 600 sediffe
884 558 1118 600 Antiochiae
1130 591 1142 608 ‚
1154 560 1331 613 proclive
1345 559 1397 599 est
1413 559 1587 613 suspicari
1601 561 1648 600 de
1661 560 1781 599 literis

511 616 678 658 Prisci&
700 614 813 655 Caffii
833 614 880 653 ad
902 614 1176 665 Imperatorem
1200 614 1241 652 L.
1254 614 1403 653 Verum
1421 614 1704 666 intelligendum
1724 612 1780 654 es-

514 671 576 717 se,
594 683 688 723 quas
700 668 1237 721 vulgaverintImperatores,
1259 678 1304 706 ut
1317 678 1420 706 tanta
1439 667 1604 708 vietoria
1622 668 1780 708 innote-

510 725 644 765 sceret.
664 723 822 763 SOLAN.

566 779 646 817 ibid.
664 773 838 829 Εὐρώπῳ)
856 775 957 815 Urbs
973 773 1026 814 est
1038 774 1202 820 Mediae,
1216 773 1340 827 inquit
1351 773 1568 814 Palmerius.
1581 774 1623 814 ln
1635 774 1780 816 tabulis

473 860 475 863 -
513 831 796 884 Geographicis
808 831 863 869 cis
875 829 1119 881 Euphratem,
1130 828 1170 866 in
1183 827 1426 879 Cyrrhestica
1437 829 1607 881 ponitur.
1617 828 1777 870 SOLAN.

568 888 640 925 ead.
655 887 679 924 l.
697 897 755 937 15.
769 882 964 935 Mvpic'csotr
981 882 1102 935 ἑπτὰ)
1125 881 1226 921 Cum
1249 883 1432 935 coniungi
1443 883 1557 922 etiam
1575 882 1712 935 poffint
1731 882 1781 924 ad

510 941 683 980 ultimam
699 950 948 977 numerorum
963 935 1114 975 classem
1126 934 1429 976 constituendam
1439 938 1635 988 τριάκοντα
1644 937 1707 977 καὶ
1717 935 1779 989 ἓξ,

514 995 663 1034 orietur
677 1004 861 1032 numerus
874 990 1081 1030 modestior
1093 991 1236 1043 70236.
1257 988 1329 1029 Sed
1342 990 1411 1042 qui
1424 991 1674 1038 mentiuntur,
1685 993 1780 1031 tales

512 1047 700 1088 minutias
713 1059 792 1085 non
805 1055 951 1085 curant.
977 1043 1176 1084 Mendacia
1187 1073 1199 1091 ,
1218 1053 1262 1083 ut
1276 1043 1339 1082 illa
1351 1044 1520 1085 letorum
1533 1043 1786 1093 favorabilia,

511 1102 600 1142 sunt
618 1100 726 1139 laxae
740 1098 1074 1152 interpretationis.
1093 1098 1224 1138 GEsN.

566 1156 602 1194 in
618 1155 731 1193 Schol.
744 1155 845 1193 col.1.
857 1154 903 1192 l.1
912 1182 921 1191 .
933 1150 1084 1192 Ἀττικὴ
1100 1150 1195 1203 διε.)
1208 1151 1299 1191 Hoc
1310 1149 1492 1191 Scholion
1505 1150 1607 1191 male
1614 1151 1779 1193 relatum

511 1210 560 1250 ad
581 1209 700 1250 verba
720 1207 818 1248 Οὔτε
829 1205 1030 1246 δειπνῆσαι
1053 1207 1159 1244 κατὰ
1178 1205 1297 1256 νόμον,
1320 1205 1514 1246 indicante
1525 1205 1690 1254 Solano,
1702 1219 1777 1254 eo,

511 1276 594 1317 quo
612 1263 796 1316 pertinet,
810 1261 937 1300 retuli.
963 1260 1112 1299 Rm‘rz.

566 1318 645 1356 ibid.
660 1318 723 1357 col.
739 1330 773 1355 2.
784 1315 808 1353 l.
825 1329 857 1365 3.
871 1313 1063 1367 Ἐρειχθὲν)
1080 1312 1237 1368 Ἐριχθὲν
1250 1313 1306 1352 Μ.
1317 1312 1417 1352 Addi
1428 1312 1557 1353 debuit
1575 1312 1615 1354 &
1633 1313 1780 1356 elixum

511 1371 588 1412 &e
605 1372 667 1411 Sic
683 1370 854 1411 Galenus
868 1367 942 1407 &o
963 1368 1122 1408 SOtAN.

567 1426 657 1479 Pag.
678 1424 765 1477 183.
781 1424 804 1461 l.
822 1436 852 1460 1.
869 1421 1005 1473 Ἐννέα)
1019 1421 1134 1473 Angl.
1151 1436 1199 1459 οε.
1215 1421 1390 1460 BOURD.

571 1483 643 1518 ead.
659 1482 683 1517 l.
702 1494 735 1531 3.
754 1475 884 1529 Ὑπὲρ)
905 1475 1008 1515 Flor.
1028 1473 1112 1514 ὑπὸ.
1126 1475 1302 1515 Eoum).
1315 1475 1410 1515 ‘Torb
1425 1475 1482 1515 M.
1494 1474 1534 1515 Ρ.
1543 1474 1585 1515 L.
1596 1474 1638 1516 δι
1650 1475 1707 1516 ed.
1719 1476 1779 1516 Η.

512 1534 703 1585 Reliquae
718 1528 821 1582 ὑπέρ.
843 1530 1001 1569 SOI-AN.

570 1592 644 1625 ead.
659 1587 683 1624 l.
697 1586 732 1624 6.
755 1583 889 1636 Κρόνον)
910 1585 1022 1636 Angl.
1039 1582 1184 1635 Kpbwov.
1197 1581 1373 1622 BOURD.
1392 1582 1525 1636 Κρόνιον
1536 1582 1650 1623 habet
1662 1582 1778 1624 etiam

511 1641 552 1681 P.
562 1639 654 1680 L&
663 1640 718 1679 ed.
728 1640 758 1677 I.
768 1640 839 1677 W.
851 1650 948 1677 vero
958 1637 1124 1688 Κρόνειον.
1136 1637 1322 1677 Libellum
1334 1639 1373 1676 de
1386 1647 1487 1676 morte
1500 1637 1672 1689 Peregrt'nt‘
1685 1638 1777 1678 ami-

514 1708 564 1735 co
580 1693 762 1741 inscribit,
778 1693 839 1731 cui
863 1692 938 1731 hoc
959 1692 1125 1730 nominis
1147 1700 1243 1730 erat.
1264 1690 1376 1731 Cave
1398 1701 1528 1742 putes,
1545 1690 1649 1731 hunc
1667 1689 1778 1732 fuisse

514 1748 748 1787 Saturninum.
764 1744 891 1785 Exstat
902 1745 1016 1784 etiam
1031 1757 1171 1784 nomen
1185 1745 1260 1784 hoc
1273 1745 1374 1798 apud
1385 1743 1630 1785 Plutarchum
1645 1745 1781 1785 inMa.

512 1804 586 1842 rio.
606 1804 807 1840 Frontonem
825 1800 930 1852 quod
945 1799 1104 1844 attinet,
1119 1798 1192 1838 fuit
1230 1799 1358 1838 uidam
1372 1799 1499 1839 Fronto
1513 1798 1783 1853 philosophus,

513 1857 570 1896 M.
592 1855 741 1896 Aurelii
759 1864 993 1907 praeceptor.
1008 1854 1060 1892 V.
1072 1853 1186 1906 Xiph.
1223 1852 1275 1892 ub
1297 1852 1413 1892 finem
1429 1853 1485 1893 M.
1499 1853 1712 1900 Antonini,
1731 1854 1776 1894 δι

513 1911 569 1949 Μ.
579 1910 822 1949 Antoninum
838 1907 956 1960 ipsum
971 1906 1009 1954 Ι,
1024 1921 1038 1944 1
1050 1907 1193 1946 1.Vide
1201 1907 1315 1946 etiam
1325 1906 1470 1959 Xiphil.
1480 1908 1518 1946 in
1528 1907 1686 1948 Adrian.
1698 1909 1775 1960 265

511 1963 565 2003 D.
580 1964 626 2003 de
646 1963 768 2003 Corn.
784 1962 1006 2009 Frontone,
1026 1959 1300 2001 Iurisconsulto
1319 1961 1456 2014 insigni
1481 1960 1557 2001 Sed
1578 1961 1619 2001 hi
1638 1974 1781 2010 omnes-

512 2018 603 2057 nihil
615 2017 663 2057 ad
675 2016 866 2056 historiam
882 2015 983 2054 illam
994 2045 1007 2061 ,
1019 2015 1058 2054 ni
1068 2014 1191 2056 fallor.
1212 2014 1370 2054 SOLAN.

566 2076 642 2111 ead.
663 2072 687 2110 l.
708 2084 744 2123 9.
764 2068 1007 2122 Σεβηριανοῦ)
1032 2070 1121 2109 Hoc
1134 2081 1300 2117 nomen,
1321 2079 1365 2109 ut
1386 2069 1428 2109 δι
1441 2067 1599 2123 sequens
1609 2067 1774 2117 osroes,

513 2126 630 2179 paulo
644 2125 750 2164 aliter
763 2124 800 2163 in
810 2123 930 2174 Ἀλεξ.
944 2137 975 2164 c.
992 2137 1040 2173 27
1054 2122 1284 2171 efferuntur,
1298 2123 1349 2162 ita
1365 2133 1507 2171 tamen,
1520 2135 1563 2163 ut
1575 2122 1683 2164 facile
1695 2123 1777 2163 eos-

512 2182 597 2220 dem
614 2179 786 2218 homines
800 2178 992 2230 agnoscas.
1008 2178 1123 2230 Apud
1135 2177 1371 2230 Xiphilinum
1387 2176 1449 2230 (&
1462 2176 1645 2219 Nostrum
1656 2176 1777 2232 infra)

513 2233 739 2285 Σεβηριανὸς.
759 2232 801 2271 ln
814 2232 973 2272 Adrian.
984 2232 1056 2284 265
1072 2231 1122 2271 A.
1135 2232 1211 2280 bis,
1224 2231 1262 2271 δι
1275 2230 1320 2270 Β.
1337 2231 1428 2272 vide
1438 2230 1479 2271 &
1493 2230 1568 2271 268
1579 2262 1591 2280 ,
1603 2231 1671 2272 ubi
1688 2244 1776 2272 cae-

513 2289 579 2327 des
593 2288 674 2328 eius
686 2297 874 2332 narratur,
885 2299 972 2326 cum
985 2287 1264 2338 nonagenarius
1274 2283 1379 2332 effer,
1388 2296 1592 2339 tantaeque
1605 2285 1775 2334 virtutis,

513 2353 556 2381 ut
571 2342 775 2382 aTraiano
789 2340 951 2392 imperio
966 2340 1103 2392 dignus
1117 2339 1387 2392 pronuntiatus
1400 2339 1525 2379 fuerit.
1539 2339 1684 2379 Patrem
1700 2339 1772 2380 Lu-

483 2411 487 2414 ·
512 2396 609 2434 ciani
626 2394 731 2435 fuiffe
746 2395 873 2434 credo.
895 2393 966 2433 Sed
977 2395 1053 2433 alio
1065 2394 1101 2432 in
1116 2394 1206 2434 loco
1226 2393 1322 2446 (257
1333 2393 1404 2447 A.)
1417 2393 1522 2433 aliter
1538 2393 1655 2441 idem,
1667 2405 1774 2433 nem-

514 2462 563 2501 pe
583 2450 802 2501 Σερουιανός.
827 2448 898 2487 Sed
920 2448 981 2488 hic
1004 2461 1025 2487 a
1040 2447 1171 2486 nostro
1187 2445 1382 2494 diversus,
1406 2447 1452 2487 de
1466 2459 1548 2500 quo
1566 2447 1653 2487 vide
1663 2447 1699 2486 in
1715 2447 1773 2488 Μ.

515 2502 610 2542 Aur.
622 2516 698 2557 270
708 2502 754 2543 C.
763 2503 828 2542 ubi
838 2503 1051 2556 Σεβηριοινὶς
1059 2501 1231 2543 scribitur
1239 2515 1252 2551 3
1261 2500 1301 2541 &
1315 2501 1485 2555 Ἐλέγειοι
1497 2501 1634 2542 dicitur
1641 2501 1776 2543 Arme-
