1841 3180
520 230 608 275 542
709 209 1592 259 ANNOTATIONES

570 306 643 343 ead.
659 303 683 343 l.
699 317 730 356 5.
751 303 832 343 Ἐπὶ
846 301 894 351 ‘tii
906 300 1012 352 Φάρῳ
1027 299 1192 355 πῦργον)
1217 301 1280 341 De
1300 302 1371 341 hac
1390 302 1488 341 turri
1502 302 1580 346 vid.
1591 297 1794 344 Scholiuni‘
1827 295 1841 334 ⁶

515 359 564 398 ad
578 357 790 398 Icarornen.
802 370 832 396 c.
853 370 912 402 12,
926 356 965 394 δι
979 367 1110 395 notam
1124 356 1313 408 Humphr.
1328 355 1518 396 Prideaux
1531 357 1575 395 ad
1590 355 1634 395 L.
1646 356 1661 395 1
1674 355 1800 396 Partis¹
1830 349 1841 389 s·

515 412 740 468 posterioris
752 410 930 450 historiae
944 408 1052 457 suae,
1071 422 1148 461 qua
1161 420 1275 449 vetus
1290 409 1558 450 testamentum
1573 423 1662 450 cum
1680 423 1794 451 novo
1831 419 1841 462 e

516 466 715 507 connthit
729 496 740 514 ,
752 479 783 518 p.
801 465 857 504 ed.
877 464 915 502 in
931 462 998 512 80,
1011 477 1046 516 9.
1062 463 1221 504 SOLAN.
1787 487 1790 491 Α
1831 461 1841 497 l

573 525 644 560 ead.
662 523 685 559 l.
700 522 734 558 8.
751 517 1022 571 Παραιτονίαν)
1039 517 1137 556 Plut.
1154 518 1304 558 Anton.
1315 516 1339 556 8
1350 530 1395 566 ¹4
1407 516 1451 557 B.
1466 518 1637 559 &Ovid.
1652 517 1797 567 am.11,‘
1833 523 1840 550 ἱ

517 575 573 616 El.
591 575 681 615 Xlll
694 606 705 621 ‚
731 588 770 624 7.
792 572 1039 610 Paraetonium
1063 584 1219 611 vocant.
1244 572 1385 611 Strabo
1400 572 1511 611 etiam
1528 585 1609 612 non
1622 571 1796 615 semel&
1833 565 1841 606 l

516 629 743 680 Polyaenus
756 627 868 667 Strat.
883 626 929 674 ΙΙ,
948 640 982 676 ρ.
1005 639 1074 678 145
1093 625 1138 665 C.
1161 625 1232 666 Sed
1248 638 1398 666 mutare
1414 626 1477 665 hic
1490 639 1571 666 non
1586 625 1729 676 ausu-113
1751 627 1796 671 δε
1834 620 1841 661 l

516 686 683 723 omnino
700 681 748 720 sic
760 682 902 720 editum
914 693 935 719 a
947 680 1121 719 Luciano
1133 679 1231 733 ipso,
1241 692 1284 720 ut
1297 681 1418 733 vulgo
1428 693 1534 721 nunc
1549 680 1702 734 legitur,
1715 681 1796 721 exi*
1836 689 1841 727 Ι

517 737 680 777 stimem.
704 736 864 775 SOLAN.
1786 744 1792 751 ·
1837 729 1841 770 l

573 794 647 830 ead.
660 791 682 829 l.
697 784 942 842 9.’”Αφυ>ιτον)
953 787 1014 828 Sic
1026 786 1212 828 sexcentis
1222 787 1366 828 inlocis
1379 787 1480 840 apud
1489 787 1593 827 hunc
1604 786 1794 838 scribitur,
1837 797 1841 824 ε

519 846 613 885 utin
628 845 730 885 Dial.
744 843 877 897 Apoll.
890 842 932 881 &
946 843 1068 881 Merc.
1082 841 1146 882 seu
1162 848 1205 880 Θ.
1222 842 1260 883 ὃ.
1273 844 1347 882 XV
1355 842 1404 890 11,
1416 843 1551 882 ἔπειτα
1568 842 1613 882 δὲ
1627 843 1746 883 συνεὶς
1755 843 1795 885 ἐν
1838 845 1841 878 l

517 899 672 949 ἀφύκτῳ
689 897 864 952 ἐχόμενον
881 895 1030 945 ἑαυτὸν,
1044 895 1194 936 ἱκέτευε.
1209 896 1269 937 Sic
1282 898 1320 936 in
1333 901 1451 936 Μισῧ.
1467 909 1502 936 c.
1521 911 1538 950 3
1556 897 1600 936 Β.
1620 898 1658 936 in
1674 902 1792 948 Γυμν.»
1839 909 1841 931 ὲ

520 968 556 994 c.
571 969 592 991 2
607 954 647 993 ὅ(
663 967 723 1004 29.
745 953 787 991 ln
802 951 906 990 Πενθ.
924 951 1039 990 etiam
1063 964 1095 991 c.
1116 965 1137 989 2
1151 950 1226 991 &c.
1243 952 1281 990 δι
1297 950 1519 991 :melotibus
1533 949 1619 990 Mff.
1630 951 1681 990 A.
1693 951 1738 991 Β.
1750 952 1794 992 δε
1838 968 1841 983 «

519 1009 578 1048 Μ.
591 1009 629 1046 in
641 1006 737 1059 Ἑρμ.
750 1019 782 1045 c.
792 1020 854 1059 79.
870 1006 925 1045 Ut
939 1005 1090 1044 nullum
1104 1005 1264 1045 dubium
1278 1005 1338 1053 fit,
1349 1005 1486 1045 debere
1500 1005 1615 1045 etiam
1633 1005 1692 1045 hic
1703 1004 1796 1046 scri-

519 1063 558 1102 bi
573 1062 752 1107 ἄφυκτον,
769 1073 849 1100 non
861 1090 874 1107 ‚
892 1071 937 1098 ut
950 1060 988 1098 in
1002 1060 1199 1108 omnibus,
1213 1060 1409 1107 ἄφευκτον.
1425 1060 1482 1099 Μ.
1497 1069 1627 1099 tamen
1640 1059 1797 1108 Codex.

518 1117 588 1170 qui
601 1118 638 1155 in
659 1116 755 1166 Ἔρμ.
774 1116 890 1154 etiam
905 1113 1020 1153 habet
1036 1112 1205 1162 ἄφυκτα,
1227 1114 1288 1153 hic
1302 1113 1483 1154 mendose
1495 1127 1584 1154 cum
1599 1115 1734 1154 ceteris
1745 1113 1794 1154 ἐέ-

520 1185 674 1219 φευκτον
690 1169 815 1208 habet.
829 1169 1179 1217 8οιΑΝ.”Αφυκτον
1194 1181 1332 1208 verum
1346 1167 1434 1216 effe,
1450 1169 1617 1208 vid.var.
1633 1168 1735 1209 lecit.
1744 1168 1793 1209 ad

522 1226 617 1265 Ver.
632 1222 730 1264 Hist.
743 1224 759 1263 I
770 1254 784 1270 ,
796 1236 829 1263 c.
842 1236 914 1275 393
937 1222 978 1261 &
990 1220 1117 1276 supra,
1129 1222 1254 1262 Deor.
1269 1222 1374 1262 Dial.
1390 1222 1518 1262 XVIl.
1536 1223 1683 1263 Rmz.
1717 1235 1719 1237 ’

575 1280 653 1318 ibid.
673 1276 933 1327 Οἱκοὸομῆσας
953 1273 1029 1329 οὖν)
1056 1276 1151 1317 Illud
1173 1273 1233 1318 οὖν
1255 1277 1472 1331 epanalepfi
1495 1276 1701 1327 inservire,
1716 1276 1796 1319 vid.

518 1332 632 1388 supra
647 1334 692 1372 ad
706 1333 826 1371 Zeux.
838 1345 871 1371 c.
893 1343 923 1368 1.
949 1331 1099 1370 RErrz.
1786 1346 1790 1355 ·

576 1390 649 1427 ead.
661 1388 682 1427 l.
699 1401 712 1425 1
721 1401 757 1426 0.
770 1380 908 1438 Αὑτοῦ)
924 1384 999 1424 Etsi
1010 1396 1161 1425 veteres
1173 1380 1379 1424 eddadwfi
1395 1385 1526 1439 spiritu
1541 1385 1614 1425 leni
1624 1385 1684 1426 hic
1695 1398 1795 1440 quo·

521 1455 599 1496 que
610 1442 793 1487 scribunt,
804 1440 845 1480 δι
858 1439 967 1492 supra
981 1439 1181 1492 aliquanto
1195 1440 1318 1479 lenior
1330 1439 1431 1479 visus
1442 1439 1525 1479 sum
1539 1440 1575 1478 in
1590 1440 1794 1481 tolerando

520 1493 634 1537 αὐτὸν
655 1508 727 1549 pro
740 1493 868 1540 αὑτὸν,
879 1494 943 1533 hic
958 1505 1086 1533 tamen
1101 1494 1145 1532 ad
1159 1493 1469 1547 perspicuitatem
1486 1493 1613 1534 sensus
1628 1495 1792 1535 nimium

521 1550 698 1599 interest,
710 1550 779 1602 qui
794 1549 960 1588 omnino
974 1550 1215 1602 reciprocum
1234 1548 1418 1601 postulat:
1443 1548 1553 1588 suum
1565 1549 1670 1589 enim
1684 1580 1696 1599 ,
1711 1561 1794 1591 non

522 1606 638 1658 regis,
662 1616 805 1644 nomen
821 1603 923 1642 intro
936 1602 1129 1655 scripserat
1143 1602 1386 1643 architefms.
1410 1603 1553 1643 Rsrrz.
1828 1602 1832 1610 '

576 1662 649 1700 ead.
662 1660 686 1698 I.
704 1672 764 1697 11.
783 1657 1034 1711 Ἐπιχρίσιις>
1053 1658 1166 1696 Unde
1185 1658 1280 1697 haec
1295 1659 1470 1697 habuerit
1482 1658 1576 1697 Luc.
1591 1657 1795 1699 incertum.

521 1714 660 1754 Strabo
670 1713 771 1753 enim
781 1712 821 1751 δι
831 1711 922 1751 Plin.
938 1711 1076 1751 faciam
1090 1712 1124 1750 ei
1139 1725 1160 1751 a
1174 1725 1264 1765 rege
1276 1711 1499 1752 inscribendi
1510 1712 1658 1765 proprii
1669 1713 1795 1752 nomi-

522 1769 582 1807 nis
596 1766 835 1820 potestatem‚
848 1764 993 1805 disertis
1010 1766 1136 1805 verbis
1146 1765 1346 1806 testantur:
1364 1766 1426 1805 hic
1441 1767 1634 1813 XXXVI,
1650 1779 1718 1815 123
1729 1767 1793 1807 ille
1834 1795 1835 1811 2

522 1822 655 1869 XVII,
671 1836 706 1875 p.
721 1835 793 1874 791
811 1820 864 1859 D.
878 1820 993 1866 Vide,
1006 1819 1163 1866 filubet,
1181 1819 1226 1861 Is.
1241 1819 1351 1861 Voss.
1366 1821 1411 1860 ad
1423 1820 1560 1875 Pomp.
1574 1820 1717 1861 Melam
1732 1819 1791 1870 11,

523 1891 565 1928 7,
579 1878 620 1918 {sc
634 1875 792 1916 Luciani
804 1874 932 1914 Schol.
948 1875 992 1913 ad
1009 1874 1166 1913 lcarom.
1180 1887 1245 1913 no.
1261 1875 1325 1924 48.
1353 1875 1512 1916 SOLAN.

578 1935 651 1970 ead.
668 1933 690 1968 l.
711 1944 770 1983 15.
797 1928 904 1968 Θεοῖς
922 1928 1126 1982 movissem)
1151 1929 1374 1969 Ptolemaeum
1395 1929 1630 1970 &Berenicen
1651 1929 1795 1970 intelli·

521 1997 619 2038 gunt
633 1985 707 2024 viri
719 1983 820 2023 doffi
836 1983 933 2022 bene
952 1984 1072 2022 multi.
1093 1982 1263 2023 Consule
1275 1983 1417 2037 Spanh.
1432 1997 1523 2038 4¹5-
1550 1984 1720 2024 Eandem
1739 1985 1795 2023 in-

520 2040 768 2091 scriptionem
785 2037 899 2077 habet
913 2037 1051 2076 Strabo
1067 2037 1090 2076 1.
1106 2051 1139 2077 c.
1160 2037 1318 2080 SOLAN.
1782 2052 1785 2054 ·

583 2095 672 2146 Pag.
688 2092 776 2133 218.
792 2093 816 2131 l.
833 2105 848 2130 1
857 2121 866 2131 .
880 2092 983 2130 Ἀλλ’
995 2092 1045 2131 εἰς
1057 2095 1122 2131 τὶν
1135 2090 1206 2140 νῦν,
1215 2093 1279 2131 καὶ
1289 2095 1352 2131 τὶν
1364 2089 1421 2132 νῦν
1433 2093 1498 2132 καὶ
1515 2095 1578 2132 τὸν
1590 2092 1669 2146 ἀεὶ)
1688 2091 1792 2132 Ἀλλ’

522 2148 575 2190 εἰς
585 2151 650 2187 τὶν
663 2146 808 2196 ussusto&
823 2149 885 2185 τὸν
896 2144 1048 2185 ἔπειτα.
1068 2161 1103 2185 κ.
1119 2160 1155 2185 τ.
1173 2147 1212 2186 ἐι.
1233 2147 1425 2187 MARCH..

579 2205 652 2241 ead.
667 2203 691 2241 l.
703 2201 737 2240 8.
763 2200 997 2239 Κεκύλισται
1014 2200 1029 2238 ὃ
1046 2200 1143 2240 λίθος
1158 2200 1192 2240 ἐν
1209 2202 1380 2256 Κρανίῳ.)
1399 2201 1628 2242 Karima-ua
1647 2200 1664 2239 ὃ
1684 2200 1792 2240 λίθος.

523 2256 658 2298 Refert
672 2256 719 2294 ad
735 2255 881 2294 dolium
897 2253 1099 2307 Diogenis.
1124 2255 1315 2295 MAch..
1781 2275 1783 2280 .

577 2313 652 2350 cad.
668 2312 690 2348 l.
706 2324 742 2362 9.
769 2308 891 2361 Πιθος)
910 2308 971 2348 Sic
986 2310 1148 2348 omnino
1162 2310 1366 2364 legendum
1384 2322 1472 2350 cum
1487 2310 1545 2349 M.
1559 2309 1601 2350 δι
1616 2308 1794 2349 editioni·
1832 2316 1841 2332 ¹

525 2366 596 2405 bus
612 2364 816 2404 nonnullis.
831 2363 874 2402 In
891 2363 984 2402 L&
998 2364 1079 2402 aliis
1094 2363 1201 2412 λίθος,
1216 2378 1349 2418 prave.
1364 2365 1454 2404 Vid.
1469 2363 1583 2418 supra
1595 2375 1679 2417 cap.
1694 2377 1731 2417 3,
1743 2362 1794 2403 ad
1834 2338 1841 2419 l

523 2432 640 2473 quam
654 2418 847 2458 historiam
864 2417 1009 2456 alludit.
1026 2417 1187 2457 SOLAN.
1836 2422 1841 2456 l

579 2474 658 2511 ibid.
673 2472 825 2525 Κρανῐῳ)
840 2472 1050 2518 Lucianus,
1064 2483 1265 2526 praecepta
1281 2470 1455 2513 historica
1468 2472 1661 2520 claudens,
1674 2471 1740 2518 ait,
1753 2469 1792 2511 se
1840 2518 1841 2521 Ἴ

522 2526 733 2569 exhibuisse
752 2539 929 2567 normam
944 2525 1171 2566 &amuffim
1189 2526 1307 2567 iustae
1323 2526 1518 2576 historiae,
1537 2538 1655 2581 quam
1673 2525 1703 2567 si
1725 2526 1795 2580 qui
