1768 3185
281 107 385 153 IN
456 106 1232 154 HERMOTIMUM.
1303 126 1398 171 407

120 200 228 237 ceret
239 195 303 236 vel
317 195 429 236 semel
445 195 643 236 audiviss'e.
659 195 738 236 Res
754 208 820 249 per
843 195 880 235 se
895 194 1006 249 plana
1024 194 1088 234 est.
1108 195 1231 235 Immo
1248 196 1322 235 iam
1343 199 1396 237 vi·

122 252 198 290 deo
211 263 292 290 non
307 250 415 290 aliter
430 250 558 289 haberi
571 251 608 288 in
623 250 792 290 editione
808 249 913 290 Flor.
933 248 1038 288 IENs.
1056 248 1186 288 Secuti
1208 249 1338 289 sumus
1354 252 1396 290 L.

121 303 166 343 &
178 303 276 344 Cod.
290 303 344 345 ΕΙ.
357 317 472 356 quem
488 302 631 343 lensius
643 303 822 355 inspexit,
835 304 927 355 qui,
941 314 984 342 ut
998 301 1032 341 id
1049 303 1176 342 obiter
1189 316 1367 343 moneam
1382 335 1396 350 ‚

122 356 250 397 differt
263 357 327 397 hic
339 370 360 396 a
370 356 400 396 F
402 357 426 396 1.
440 358 506 410 qui
520 357 704 398 Oxoniae
716 358 753 396 in
767 356 1004 397 Bibliotheca
1015 356 1222 396 Bodleiana
1235 356 1399 396 afferva-

122 422 200 450 tur.
216 411 261 450 In
275 410 492 451 Oxonienfi
505 412 604 451 enim
619 411 687 450 illo
700 409 895 451 manifeste
914 409 1069 458 ταῦτα,
1087 422 1131 450 ut
1146 411 1186 450 δι
1206 411 1244 450 in
1260 412 1396 464 reliqq.

122 465 206 505 edd.
222 464 371 518 legitur.
383 464 544 504 SOLAN.
925 500 927 503 ,

177 521 252 558 ead.
265 519 289 558 l.
305 532 362 569 17.
378 523 520 558 Εικοσιν
531 517 616 571 ἔτη)
628 517 671 557 ln
682 518 862 558 omnibus
873 528 986 558 antea
995 517 1194 571 legebatur
1208 518 1301 558 εἰκὸς
1317 517 1372 557 ἔτι
1384 548 1398 568 ,

123 584 196 612 nec
209 571 413 626 quisquam
432 584 582 626 praeter
599 571 795 611 Vorstium
816 571 985 618 exstitit,
1005 572 1071 624 qui
1086 584 1314 624 corruptum
1339 572 1399 612 lo-

121 638 214 666 cum
255 627 504 667 renuntiaret.
522 626 558 666 Is
572 637 700 666 autem
718 627 875 678 margini
890 625 947 665 sui
959 625 1116 666 Codicis
1137 639 1210 678 pro
1227 628 1322 666 εἰκὸς
1332 627 1399 665 ad-

122 640 316 732 scripslerat
326 678 416 720 εἰκῆ.
428 679 500 720 Sed
511 693 559 720 ne
571 679 621 720 fic
631 680 788 732 quidem
800 681 1010 719 sanabatur.
1023 680 1108 733 Ego
1123 692 1233 724 vero,
1243 680 1308 733 qui
1319 693 1400 720 me-

123 733 307 774 miniffem
318 735 605 774 Hermotimum
619 733 698 773 XX
707 746 831 774 annos
848 746 1057 786 perpetuos
1069 733 1250 786 magistro
1263 734 1396 774 Stoico

122 799 283 840 operam
297 787 455 836 dedisse,
468 788 530 841 (c.
547 802 568 827 2
583 787 625 826 &
638 787 716 840 77)
735 788 898 827 eundem
917 788 1031 826 etiam
1055 801 1259 827 numerum
1277 801 1400 828 anno-

123 853 211 880 rum
228 854 277 882 ex
288 842 450 893 Ulyffis‚
463 843 525 883 cui
539 852 803 893 comparatur,
817 842 939 881 militia
953 842 987 880 6›
1000 843 1161 881 erroribus
1173 842 1302 894 colligi
1316 855 1397 881 non

123 894 326 947 ignorans,
348 909 471 935 meam
494 896 801 936 emendationem
823 896 861 934 in
879 906 1031 935 textum
1049 898 1218 948 recipere
1241 898 1398 935 minime

126 949 302 989 dubitavi
320 963 332 998 ;
353 949 569 1003 praesertim
581 963 628 989 cu
635 963 670 987 m
687 949 871 989 leviffima
887 949 1191 1002 interpolatione
1204 949 1398 990 Codicum

123 1001 349 1056 scripturam
360 1003 626 1058 repraesentet.
637 1003 796 1043 Utinam
808 1004 938 1044 eadem
949 1002 1126 1044 facilitate
1137 1004 1282 1056 reliqua
1295 1005 1399 1063 apud

125 1057 230 1098 hunc
240 1069 425 1111 corrupta
436 1057 486 1098 fic
497 1058 640 1111 liquido
655 1057 852 1098 restituere
863 1059 1036 1097 daretur!
1050 1058 1201 1097 Verum
1215 1071 1293 1098 non
1304 1061 1400 1097 lem-

153 1123 196 1150 er
209 1110 260 1151 fic
281 1122 386 1165 patet
404 1113 451 1153 ad
471 1112 777 1152 emendationem
791 1112 867 1151 via.
882 1111 960 1151 Cui
981 1112 1082 1151 enim
1099 1112 1160 1151 hic
1176 1113 1213 1151 in
1230 1125 1399 1152 mentem

123 1124 204 1205 SD(
217 1165 270 1206 illi
283 1165 374 1205 anni
393 1165 582 1206 veniffent
594 1196 604 1213 ‚
622 1165 688 1205 nisi
703 1167 791 1205 alibi
806 1166 843 1204 in
857 1167 993 1205 eodem
1014 1165 1142 1206 libello
1163 1166 1208 1205 de
1227 1167 1270 1206 iis
1285 1166 1400 1218 legis-

124 1217 205 1261 set?
227 1219 321 1259 Non
337 1218 484 1272 semper
505 1221 634 1274 itaque
655 1221 813 1260 inertiae
833 1231 1123 1266 enarratorum,
1149 1220 1341 1260 editorum
1350 1234 1397 1260 ve

125 1272 392 1325 imputandum
407 1273 460 1314 est
470 1304 480 1322 ‚
497 1275 602 1327 quod
617 1286 801 1327 corrupta
815 1274 915 1327 apud
928 1284 1079 1314 veteres
1091 1273 1296 1326 scriptores
1309 1287 1398 1314 ver·

125 1326 176 1367 ba
190 1331 360 1367 edantur.
376 1328 472 1368 Sunt
487 1330 589 1368 enim
605 1327 745 1381 absque
757 1327 947 1368 Codicum
959 1340 1037 1380 ope
1051 1329 1238 1380 quaedam
1254 1327 1399 1367 insana-

125 1379 228 1421 bilia.
240 1382 345 1422 Tum
364 1383 516 1422 demum
537 1383 676 1422 merito
696 1382 875 1435 culpandi
894 1382 979 1421 sunt
991 1412 1002 1430 ,
1017 1394 1105 1421 cum
1121 1396 1239 1434 prava
1256 1382 1295 1421 ὅ(
1308 1395 1398 1421 cor-

126 1446 242 1488 rupta
258 1449 330 1489 pro
346 1435 444 1476 sanis
457 1436 499 1475 δι
513 1438 666 1476 tradunt
682 1437 723 1476 δι
743 1447 933 1476 enarrant.
949 1435 1106 1475 SOLAN.
1126 1437 1225 1476 Εἰκὸς
1241 1434 1322 1487 ἐτι)
1338 1436 1396 1475 Εἴ-

126 1503 230 1529 κοσιν
248 1489 312 1530 ἔτη
327 1490 490 1531 Solanus
504 1489 602 1530 iuffit
619 1491 776 1543 reponi,
791 1503 863 1543 pro
882 1488 1042 1529 absurda
1062 1488 1204 1529 scilicet
1217 1490 1398 1543 vulgata;

125 1555 176 1582 ex
188 1556 271 1596 cap.
290 1559 312 1584 2
327 1545 367 1584 &
381 1558 432 1594 77
453 1544 565 1584 huius
583 1545 687 1584 Dial.
700 1544 777 1584 Cui
824 1556 930 1584 arere
953 1544 1025 1583 vix
1045 1544 1283 1591 dubitarem,
1305 1544 1397 1596 quia

125 1598 346 1638 emendatio
361 1597 415 1638 est
435 1599 532 1638 adeo
555 1597 772 1646 manifesta,
853 1598 1021 1638 mutatio
1035 1597 1131 1638 adeo
1150 1598 1297 1650 exigua.
1313 1599 1398 1637 Ve-

127 1664 215 1691 rum
232 1653 327 1706 quia
340 1665 466 1706 neque
486 1653 568 1692 ullo
583 1652 729 1694 Codice
741 1683 753 1701 ‚
767 1665 893 1706 neque
907 1652 1074 1692 editione
1092 1651 1145 1692 est
1157 1651 1311 1692 suffulta
1323 1680 1335 1698 ,
1354 1652 1397 1692 δε

127 1705 291 1747 Gesneri
305 1706 432 1747 versio
446 1705 590 1746 sensum
605 1720 653 1746 ex
668 1706 826 1759 vulgata
839 1706 938 1747 elicit
948 1705 1032 1746 satis
1044 1708 1218 1759 planum,
1233 1719 1312 1744 non
1327 1719 1398 1745 au-

126 1759 197 1799 sim
212 1759 334 1813 ipsum
345 1772 574 1801 contextum
589 1773 750 1808 mutare,
767 1760 836 1800 etsi
851 1760 984 1801 Solani
996 1760 1303 1800 emendationem
1317 1759 1402 1800 val-

127 1813 177 1854 de
193 1815 333 1866 probo.
354 1815 500 1855 RnTz.

183 1869 347 1922 Pag.79.
361 1870 386 1908 l.
401 1882 430 1908 1.
449 1868 700 1922 Περινοστῶν)
713 1868 802 1908 Vid.
819 1868 990 1908 Demon.
1004 1883 1043 1921 p.
1063 1866 1136 1920 598
1149 1897 1162 1914 ‚
1183 1882 1218 1907 2.
1236 1867 1396 1907 SOLAN.

183 1925 259 1963 ead.
271 1923 294 1962 l.
310 1938 347 1971 4.
357 1923 449 1962 ’Aorb
465 1921 530 1962 τοῦ
543 1924 686 1973 πρώτου
700 1922 915 1976 γεύματος)
930 1922 1006 1962 Pro
1020 1922 1061 1962 ἐκ
1074 1919 1139 1960 τοῦ
1153 1937 1218 1973 πρ.
1230 1935 1276 1972 γ.
1291 1921 1397 1973 quod

129 1973 272 2021 frustra
283 1976 433 2030 negaffe
447 1976 542 2016 alios
556 1978 596 2016 in
609 1977 739 2016 verbis
752 1975 866 2028 Epist.
880 1977 925 2016 ad
940 1976 1057 2016 Rom.
1073 1975 1112 2021 Ι,
1132 1990 1195 2022 20,
1217 1976 1296 2012 ἀπὸ
1316 1977 1398 2012 κτί-

133 2044 226 2070 σεως
239 2030 377 2080 κόσμου
387 2062 399 2079 ,
418 2030 483 2070 ubi
498 2031 539 2069 ἐκ
555 2031 753 2070 dicendum
770 2030 877 2070 fuisse
888 2030 1048 2077 volunt,
1067 2028 1152 2069 satis
1166 2029 1294 2068 multis
1309 2041 1400 2079 pro-

131 2083 197 2123 bat
208 2083 284 2125 Iac.
298 2083 395 2124 Elsn.
408 2084 455 2124 ad
466 2084 574 2124 Novi
586 2084 750 2124 foederis
764 2085 881 2124 libros
893 2084 943 2124 T.
961 2098 981 2122 2
994 2114 1006 2131 ,
1021 2096 1107 2136 pag.
1119 2084 1143 2123 6
1156 2112 1166 2129 ,
1183 2096 1297 2135 quem
1311 2083 1397 2122 ideo

130 2137 280 2191 saepius
297 2139 343 2178 ad
361 2150 487 2190 partes
509 2151 615 2178 voco
628 2170 640 2188 ,
663 2139 753 2192 quia
775 2139 814 2178 δι
836 2141 865 2178 is
888 2139 1101 2178 Lucianum
1123 2137 1329 2190 plurimum
1352 2136 1400 2176 ad

131 2203 258 2246 partes
276 2204 406 2232 vocat.
420 2193 566 2232 Rmz.

189 2248 263 2286 ead.
279 2247 303 2285 l.
317 2242 498 2299 7.”Ωστε)
511 2246 644 2286 Scribo
657 2244 755 2285 ὥστε
763 2245 896 2296 μηδὲν,
912 2240 938 2285 Z
951 2268 996 2275 —
1007 2244 1077 2294 κᾷν
1090 2241 1268 2284 ἂλλωςΝ
1275 2254 1399 2284 ORST.

133 2299 182 2340 Et
197 2299 256 2340 hic
266 2300 377 2340 locus
390 2311 616 2353 corruptus;
638 2298 698 2340 sed
711 2301 936 2340 medicinam
949 2300 982 2339 ei
996 2312 1071 2352 ego
1086 2298 1209 2342 facere
1219 2311 1299 2338 non
1315 2296 1400 2352 pos-

134 2352 229 2394 sum.
241 2353 320 2393 Alii
335 2354 510 2394 viderint.
525 2354 685 2394 δοῖ-ΑΝ.

191 2410 266 2449 ead.
279 2408 306 2452 l.
323 2407 360 2448 8.
376 2406 516 2451 Μεθύων
528 2404 867 2462 mnino-Acme.
885 2405 990 2447 Alias
1006 2406 1098 2499 elgii
1111 2404 1210 2446 fiunt
1224 2436 1237 2456 ,
1258 2405 1325 2459 qui
1340 2415 1402 2445 to-

1086 2471 1106 2500 C
1135 2474 1160 2509 4
