<?xml version="1.0" encoding="UTF-8"?>
<!DOCTYPE html PUBLIC "-//W3C//DTD XHTML 1.0 Transitional//EN"
    "http://www.w3.org/TR/xhtml1/DTD/xhtml1-transitional.dtd">
<html xmlns="http://www.w3.org/1999/xhtml" xml:lang="en" lang="en">
 <head>
  <title>
</title>
<meta http-equiv="Content-Type" content="text/html;charset=utf-8" />
  <meta name='ocr-system' content='tesseract 3.04.00' />
  <meta name='ocr-capabilities' content='ocr_page ocr_carea ocr_par ocr_line ocrx_word'/>
</head>
<body>
  <div class='ocr_page' id='page_1' title='image "./operagraeceetlat04luciuoft/operagraeceetlat04luciuoft_0567.png"; bbox 0 0 1768 3185; ppageno 0'>
   <div class='ocr_carea' id='block_1_1' title="bbox 215 151 1335 223">
    <p class='ocr_par' dir='ltr' id='par_1_1' title="bbox 215 151 1335 223">
     <span class='ocr_line' id='line_1_1' title="bbox 215 151 1335 223; baseline 0.004 -22"><span class='ocrx_word' id='word_1_1' title='bbox 215 151 289 202; x_wconf 91' lang='lat' dir='ltr'>IN</span> <span class='ocrx_word' id='word_1_2' title='bbox 322 152 535 201; x_wconf 82' lang='lat' dir='ltr'><strong>VERAE</strong></span> <span class='ocrx_word' id='word_1_3' title='bbox 569 152 920 201; x_wconf 85' lang='lat' dir='ltr'><strong>HISTORIAE</strong></span> <span class='ocrx_word' id='word_1_4' title='bbox 955 153 1069 200; x_wconf 79' lang='lat' dir='ltr'>Lm.</span> <span class='ocrx_word' id='word_1_5' title='bbox 1109 155 1143 201; x_wconf 90' lang='grc' dir='ltr'>Ι.</span> <span class='ocrx_word' id='word_1_6' title='bbox 1247 173 1335 223; x_wconf 81' lang='lat'>559</span> 
     </span>
    </p>
   </div>
   <div class='ocr_carea' id='block_1_2' title="bbox 29 247 1340 2515">
    <p class='ocr_par' dir='ltr' id='par_1_2' title="bbox 29 247 1340 2515">
     <span class='ocr_line' id='line_1_2' title="bbox 51 247 1339 302; baseline 0.002 -14"><span class='ocrx_word' id='word_1_7' title='bbox 51 247 198 302; x_wconf 80' lang='lat' dir='ltr'>brigiae</span> <span class='ocrx_word' id='word_1_8' title='bbox 221 261 325 289; x_wconf 85' lang='lat' dir='ltr'>anno</span> <span class='ocrx_word' id='word_1_9' title='bbox 347 247 508 289; x_wconf 86' lang='lat' dir='ltr'>MDCC</span> <span class='ocrx_word' id='word_1_10' title='bbox 524 248 658 288; x_wconf 85' lang='lat' dir='ltr'>vivam</span> <span class='ocrx_word' id='word_1_11' title='bbox 677 248 946 289; x_wconf 78' lang='lat' dir='ltr'>circumlatam</span> <span class='ocrx_word' id='word_1_12' title='bbox 969 260 1101 287; x_wconf 84' lang='lat' dir='ltr'>earum</span> <span class='ocrx_word' id='word_1_13' title='bbox 1120 261 1250 289; x_wconf 88' lang='lat' dir='ltr'>rerum</span> <span class='ocrx_word' id='word_1_14' title='bbox 1271 263 1339 290; x_wconf 89' lang='lat' dir='ltr'>cu-</span> 
     </span>
     <span class='ocr_line' id='line_1_3' title="bbox 51 302 1337 351; baseline 0.001 -8"><span class='ocrx_word' id='word_1_15' title='bbox 51 302 144 343; x_wconf 75' lang='lat' dir='ltr'>riosi</span> <span class='ocrx_word' id='word_1_16' title='bbox 160 315 296 343; x_wconf 89' lang='lat' dir='ltr'>omnes</span> <span class='ocrx_word' id='word_1_17' title='bbox 308 303 502 343; x_wconf 86' lang='lat' dir='ltr'>viderunt.</span> <span class='ocrx_word' id='word_1_18' title='bbox 519 303 594 342; x_wconf 88' lang='lat' dir='ltr'>Adi</span> <span class='ocrx_word' id='word_1_19' title='bbox 607 304 719 342; x_wconf 83' lang='lat' dir='ltr'>etiam</span> <span class='ocrx_word' id='word_1_20' title='bbox 734 303 886 343; x_wconf 84' lang='lat' dir='ltr'>Aelian.</span> <span class='ocrx_word' id='word_1_21' title='bbox 899 303 944 341; x_wconf 91' lang='lat' dir='ltr'>de</span> <span class='ocrx_word' id='word_1_22' title='bbox 960 302 1037 342; x_wconf 90' lang='lat' dir='ltr'>An.</span> <span class='ocrx_word' id='word_1_23' title='bbox 1049 302 1080 347; x_wconf 90' lang='lat'>1,</span> <span class='ocrx_word' id='word_1_24' title='bbox 1100 316 1156 351; x_wconf 85' lang='lat'>¹7·</span> <span class='ocrx_word' id='word_1_25' title='bbox 1176 303 1337 345; x_wconf 80' lang='lat' dir='ltr'><strong>SOLAN.</strong></span> 
     </span>
     <span class='ocr_line' id='line_1_4' title="bbox 106 351 1337 416; baseline 0.001 -20"><span class='ocrx_word' id='word_1_26' title='bbox 106 359 180 396; x_wconf 84' lang='lat' dir='ltr'>ead.</span> <span class='ocrx_word' id='word_1_27' title='bbox 196 358 220 396; x_wconf 88' lang='lat' dir='ltr'>l.</span> <span class='ocrx_word' id='word_1_28' title='bbox 235 371 250 396; x_wconf 92' lang='lat'>1</span> <span class='ocrx_word' id='word_1_29' title='bbox 264 370 295 396; x_wconf 76' lang='grc' dir='ltr'>ι.</span> <span class='ocrx_word' id='word_1_30' title='bbox 307 351 475 416; x_wconf 57' lang='lat' dir='ltr'>“ssa-weg)</span> <span class='ocrx_word' id='word_1_31' title='bbox 497 357 554 396; x_wconf 83' lang='lat' dir='ltr'>Ex</span> <span class='ocrx_word' id='word_1_32' title='bbox 568 356 654 395; x_wconf 83' lang='lat' dir='ltr'>Mff.</span> <span class='ocrx_word' id='word_1_33' title='bbox 669 357 792 410; x_wconf 85' lang='lat' dir='ltr'>Regg.</span> <span class='ocrx_word' id='word_1_34' title='bbox 810 371 911 409; x_wconf 87' lang='lat'>2954</span> <span class='ocrx_word' id='word_1_35' title='bbox 925 357 1052 407; x_wconf 84' lang='lat'>&amp;301</span> <span class='ocrx_word' id='word_1_36' title='bbox 1065 370 1096 396; x_wconf 88' lang='lat'>1.</span> <span class='ocrx_word' id='word_1_37' title='bbox 1110 357 1337 413; x_wconf 45' lang='lat' dir='ltr'>Vulg2‘ca&#39;coe.</span> 
     </span>
     <span class='ocr_line' id='line_1_5' title="bbox 107 406 1338 464; baseline 0.002 -15"><span class='ocrx_word' id='word_1_38' title='bbox 107 413 183 450; x_wconf 85' lang='lat' dir='ltr'>ead.</span> <span class='ocrx_word' id='word_1_39' title='bbox 202 411 226 449; x_wconf 89' lang='lat' dir='ltr'>I.</span> <span class='ocrx_word' id='word_1_40' title='bbox 242 424 256 449; x_wconf 91' lang='lat'><em>1</em></span> <span class='ocrx_word' id='word_1_41' title='bbox 267 425 299 464; x_wconf 83' lang='lat'>3.</span> <span class='ocrx_word' id='word_1_42' title='bbox 311 409 412 450; x_wconf 62' lang='grc' dir='ltr'>Οὐδὲ</span> <span class='ocrx_word' id='word_1_43' title='bbox 427 410 549 463; x_wconf 62' lang='lat' dir='ltr'>imae)</span> <span class='ocrx_word' id='word_1_44' title='bbox 563 410 764 464; x_wconf 80' lang='lat' dir='ltr'>Eleganter</span> <span class='ocrx_word' id='word_1_45' title='bbox 781 423 854 464; x_wconf 87' lang='lat' dir='ltr'>pro</span> <span class='ocrx_word' id='word_1_46' title='bbox 866 406 950 449; x_wconf 56' lang='lat'>0238&amp;</span> <span class='ocrx_word' id='word_1_47' title='bbox 965 409 1115 463; x_wconf 78' lang='grc' dir='ltr'>ἔντερον,</span> <span class='ocrx_word' id='word_1_48' title='bbox 1123 406 1208 450; x_wconf 55' lang='grc' dir='ltr'>οὗέὲ</span> <span class='ocrx_word' id='word_1_49' title='bbox 1220 408 1338 463; x_wconf 41' lang='lat' dir='ltr'>iio-rag&amp;</span> 
     </span>
     <span class='ocr_line' id='line_1_6' title="bbox 51 464 618 517; baseline -0.004 -13"><span class='ocrx_word' id='word_1_50' title='bbox 51 464 147 505; x_wconf 81' lang='lat' dir='ltr'>vid.</span> <span class='ocrx_word' id='word_1_51' title='bbox 163 465 243 504; x_wconf 88' lang='lat' dir='ltr'>Bos</span> <span class='ocrx_word' id='word_1_52' title='bbox 260 465 306 504; x_wconf 92' lang='lat' dir='ltr'>de</span> <span class='ocrx_word' id='word_1_53' title='bbox 321 464 445 517; x_wconf 84' lang='lat' dir='ltr'>Ellips.</span> <span class='ocrx_word' id='word_1_54' title='bbox 470 464 618 503; x_wconf 77' lang='lat' dir='ltr'>Rmz.</span> 
     </span>
     <span class='ocr_line' id='line_1_7' title="bbox 107 517 1336 573; baseline 0.002 -16"><span class='ocrx_word' id='word_1_55' title='bbox 107 521 182 558; x_wconf 86' lang='lat' dir='ltr'>ead.</span> <span class='ocrx_word' id='word_1_56' title='bbox 199 519 223 557; x_wconf 94' lang='lat' dir='ltr'>l.</span> <span class='ocrx_word' id='word_1_57' title='bbox 243 519 301 557; x_wconf 88' lang='lat'>16.</span> <span class='ocrx_word' id='word_1_58' title='bbox 320 517 527 571; x_wconf 67' lang='grc' dir='ltr'>Μαλθακὴ)</span> <span class='ocrx_word' id='word_1_59' title='bbox 540 517 629 558; x_wconf 85' lang='lat' dir='ltr'>Sive</span> <span class='ocrx_word' id='word_1_60' title='bbox 637 518 814 568; x_wconf 56' lang='grc' dir='ltr'>μαλακὴ,</span> <span class='ocrx_word' id='word_1_61' title='bbox 829 518 937 570; x_wconf 88' lang='lat' dir='ltr'>quod</span> <span class='ocrx_word' id='word_1_62' title='bbox 950 517 1086 558; x_wconf 76' lang='lat' dir='ltr'>eodem</span> <span class='ocrx_word' id='word_1_63' title='bbox 1102 518 1209 558; x_wconf 88' lang='lat' dir='ltr'>redit.</span> <span class='ocrx_word' id='word_1_64' title='bbox 1225 519 1336 573; x_wconf 86' lang='lat' dir='ltr'>Vestes</span> 
     </span>
     <span class='ocr_line' id='line_1_8' title="bbox 55 571 1336 628; baseline 0.002 -18"><span class='ocrx_word' id='word_1_65' title='bbox 55 572 174 611; x_wconf 83' lang='lat' dir='ltr'>molles</span> <span class='ocrx_word' id='word_1_66' title='bbox 186 572 274 611; x_wconf 82' lang='lat' dir='ltr'>alibi</span> <span class='ocrx_word' id='word_1_67' title='bbox 287 571 516 624; x_wconf 77' lang='lat' dir='ltr'>suntsericae.</span> <span class='ocrx_word' id='word_1_68' title='bbox 531 571 686 621; x_wconf 77' lang='grc' dir='ltr'>Ἱμοίτιοι</span> <span class='ocrx_word' id='word_1_69' title='bbox 695 576 866 623; x_wconf 76' lang='grc' dir='ltr'>μοιλοικὰ.</span> <span class='ocrx_word' id='word_1_70' title='bbox 873 573 1054 611; x_wconf 84' lang='lat' dir='ltr'>ditiorum</span> <span class='ocrx_word' id='word_1_71' title='bbox 1069 572 1108 611; x_wconf 87' lang='lat'>&amp;</span> <span class='ocrx_word' id='word_1_72' title='bbox 1119 573 1336 628; x_wconf 66' lang='lat' dir='ltr'>aulicorun}</span> 
     </span>
     <span class='ocr_line' id='line_1_9' title="bbox 52 624 1338 679; baseline 0.003 -15"><span class='ocrx_word' id='word_1_73' title='bbox 52 624 245 666; x_wconf 85' lang='lat' dir='ltr'>notiffima</span> <span class='ocrx_word' id='word_1_74' title='bbox 259 639 308 665; x_wconf 89' lang='lat' dir='ltr'>ex</span> <span class='ocrx_word' id='word_1_75' title='bbox 326 626 473 679; x_wconf 80' lang='lat' dir='ltr'>Evang.</span> <span class='ocrx_word' id='word_1_76' title='bbox 490 626 630 665; x_wconf 89' lang='lat' dir='ltr'>Matth.</span> <span class='ocrx_word' id='word_1_77' title='bbox 648 625 728 672; x_wconf 87' lang='lat' dir='ltr'>XI,</span> <span class='ocrx_word' id='word_1_78' title='bbox 746 625 793 673; x_wconf 90' lang='lat'>8;</span> <span class='ocrx_word' id='word_1_79' title='bbox 818 626 883 665; x_wconf 88' lang='lat' dir='ltr'>ubi</span> <span class='ocrx_word' id='word_1_80' title='bbox 898 626 972 666; x_wconf 89' lang='lat' dir='ltr'>Iac.</span> <span class='ocrx_word' id='word_1_81' title='bbox 993 625 1133 665; x_wconf 82' lang='lat' dir='ltr'>Elsner.</span> <span class='ocrx_word' id='word_1_82' title='bbox 1158 627 1269 678; x_wconf 86' lang='lat' dir='ltr'>plura</span> <span class='ocrx_word' id='word_1_83' title='bbox 1287 641 1338 668; x_wconf 77' lang='lat' dir='ltr'>ex</span> 
     </span>
     <span class='ocr_line' id='line_1_10' title="bbox 48 679 1340 738; baseline 0.002 -20"><span class='ocrx_word' id='word_1_84' title='bbox 48 679 227 732; x_wconf 27' lang='lat' dir='ltr'>*profanis</span> <span class='ocrx_word' id='word_1_85' title='bbox 241 679 359 719; x_wconf 56' lang='lat' dir='ltr'>aucit.</span> <span class='ocrx_word' id='word_1_86' title='bbox 377 680 415 719; x_wconf 76' lang='grc' dir='ltr'>δι</span> <span class='ocrx_word' id='word_1_87' title='bbox 431 680 590 720; x_wconf 83' lang='lat' dir='ltr'>Lucian.</span> <span class='ocrx_word' id='word_1_88' title='bbox 611 679 735 732; x_wconf 84' lang='lat' dir='ltr'>Fugit.</span> <span class='ocrx_word' id='word_1_89' title='bbox 759 679 872 733; x_wconf 80' lang='lat' dir='ltr'>Epist.</span> <span class='ocrx_word' id='word_1_90' title='bbox 889 680 1038 738; x_wconf 55' lang='lat' dir='ltr'>Saturn.</span> <span class='ocrx_word' id='word_1_91' title='bbox 1056 679 1097 719; x_wconf 75' lang='grc' dir='ltr'>δι</span> <span class='ocrx_word' id='word_1_92' title='bbox 1110 681 1156 720; x_wconf 88' lang='lat' dir='ltr'>de</span> <span class='ocrx_word' id='word_1_93' title='bbox 1170 680 1258 720; x_wconf 88' lang='lat' dir='ltr'>Salt.</span> <span class='ocrx_word' id='word_1_94' title='bbox 1277 683 1340 722; x_wconf 86' lang='lat' dir='ltr'>ad·</span> 
     </span>
     <span class='ocr_line' id='line_1_11' title="bbox 50 733 1337 783; baseline 0.002 -11"><span class='ocrx_word' id='word_1_95' title='bbox 50 733 175 773; x_wconf 88' lang='lat' dir='ltr'>duxit.</span> <span class='ocrx_word' id='word_1_96' title='bbox 198 733 317 774; x_wconf 85' lang='lat' dir='ltr'>Conf.</span> <span class='ocrx_word' id='word_1_97' title='bbox 329 734 376 773; x_wconf 86' lang='lat' dir='ltr'>de</span> <span class='ocrx_word' id='word_1_98' title='bbox 389 733 479 773; x_wconf 88' lang='lat' dir='ltr'>Salt.</span> <span class='ocrx_word' id='word_1_99' title='bbox 493 746 527 774; x_wconf 90' lang='lat' dir='ltr'>c.</span> <span class='ocrx_word' id='word_1_100' title='bbox 545 748 566 773; x_wconf 87' lang='lat'>2</span> <span class='ocrx_word' id='word_1_101' title='bbox 579 764 592 781; x_wconf 91' lang='lat'>,</span> <span class='ocrx_word' id='word_1_102' title='bbox 611 734 681 773; x_wconf 88' lang='lat' dir='ltr'>ubi</span> <span class='ocrx_word' id='word_1_103' title='bbox 699 733 901 783; x_wconf 72' lang='grc' dir='ltr'>μαλακαῖς</span> <span class='ocrx_word' id='word_1_104' title='bbox 913 735 1046 773; x_wconf 54' lang='lat' dir='ltr'>{chrm-1</span> <span class='ocrx_word' id='word_1_105' title='bbox 1062 745 1189 773; x_wconf 87' lang='lat' dir='ltr'>tamen</span> <span class='ocrx_word' id='word_1_106' title='bbox 1204 735 1337 775; x_wconf 87' lang='lat' dir='ltr'>scribi-</span> 
     </span>
     <span class='ocr_line' id='line_1_12' title="bbox 52 786 1332 840; baseline 0.002 -14"><span class='ocrx_word' id='word_1_107' title='bbox 52 797 131 834; x_wconf 85' lang='lat' dir='ltr'>tur,</span> <span class='ocrx_word' id='word_1_108' title='bbox 146 801 226 828; x_wconf 93' lang='lat' dir='ltr'>non</span> <span class='ocrx_word' id='word_1_109' title='bbox 239 787 479 838; x_wconf 70' lang='grc' dir='ltr'>μαλθακαῖς,</span> <span class='ocrx_word' id='word_1_110' title='bbox 493 787 604 840; x_wconf 90' lang='lat' dir='ltr'>quod</span> <span class='ocrx_word' id='word_1_111' title='bbox 617 788 850 840; x_wconf 81' lang='lat' dir='ltr'>Hippocrati</span> <span class='ocrx_word' id='word_1_112' title='bbox 865 786 1106 834; x_wconf 84' lang='lat' dir='ltr'>familiarius,</span> <span class='ocrx_word' id='word_1_113' title='bbox 1118 800 1161 827; x_wconf 89' lang='lat' dir='ltr'>ut</span> <span class='ocrx_word' id='word_1_114' title='bbox 1174 790 1332 838; x_wconf 66' lang='grc' dir='ltr'><strong><em>μαλθα-</em></strong></span> 
     </span>
     <span class='ocr_line' id='line_1_13' title="bbox 48 839 1333 894; baseline 0.001 -14"><span class='ocrx_word' id='word_1_115' title='bbox 48 841 102 882; x_wconf 69' lang='grc' dir='ltr'>κὴ</span> <span class='ocrx_word' id='word_1_116' title='bbox 118 839 258 887; x_wconf 73' lang='grc' dir='ltr'>νοῦσος,</span> <span class='ocrx_word' id='word_1_117' title='bbox 272 842 378 888; x_wconf 81' lang='lat' dir='ltr'>mitis,</span> <span class='ocrx_word' id='word_1_118' title='bbox 393 842 545 894; x_wconf 61' lang='lat' dir='ltr'>remssus</span> <span class='ocrx_word' id='word_1_119' title='bbox 559 842 709 887; x_wconf 81' lang='lat' dir='ltr'><em>morbus,</em></span> <span class='ocrx_word' id='word_1_120' title='bbox 730 841 913 891; x_wconf 84' lang='lat' dir='ltr'>[Aphor.</span> <span class='ocrx_word' id='word_1_121' title='bbox 935 856 971 891; x_wconf 90' lang='lat'>7.</span> <span class='ocrx_word' id='word_1_122' title='bbox 995 841 1042 880; x_wconf 88' lang='lat' dir='ltr'>Et</span> <span class='ocrx_word' id='word_1_123' title='bbox 1065 843 1198 881; x_wconf 82' lang='lat' dir='ltr'>millies</span> <span class='ocrx_word' id='word_1_124' title='bbox 1221 844 1333 893; x_wconf 78' lang='lat' dir='ltr'>alibi3</span> 
     </span>
     <span class='ocr_line' id='line_1_14' title="bbox 53 893 1335 948; baseline 0.002 -14"><span class='ocrx_word' id='word_1_125' title='bbox 53 893 117 936; x_wconf 87' lang='lat' dir='ltr'>sed</span> <span class='ocrx_word' id='word_1_126' title='bbox 127 896 168 936; x_wconf 91' lang='lat'>&amp;</span> <span class='ocrx_word' id='word_1_127' title='bbox 178 895 318 935; x_wconf 88' lang='lat' dir='ltr'>Atticis</span> <span class='ocrx_word' id='word_1_128' title='bbox 330 906 542 948; x_wconf 88' lang='lat' dir='ltr'>utrumque</span> <span class='ocrx_word' id='word_1_129' title='bbox 554 894 735 934; x_wconf 86' lang='lat' dir='ltr'>ufitatum</span> <span class='ocrx_word' id='word_1_130' title='bbox 748 893 836 943; x_wconf 79' lang='lat' dir='ltr'>effe,</span> <span class='ocrx_word' id='word_1_131' title='bbox 845 896 954 934; x_wconf 84' lang='lat' dir='ltr'>nimis</span> <span class='ocrx_word' id='word_1_132' title='bbox 963 906 1099 935; x_wconf 91' lang='lat' dir='ltr'>notum</span> <span class='ocrx_word' id='word_1_133' title='bbox 1111 896 1174 936; x_wconf 88' lang='lat' dir='ltr'>est.</span> <span class='ocrx_word' id='word_1_134' title='bbox 1184 896 1335 938; x_wconf 76' lang='lat' dir='ltr'>Rmz.</span> 
     </span>
     <span class='ocr_line' id='line_1_15' title="bbox 109 948 1337 1003; baseline 0.003 -15"><span class='ocrx_word' id='word_1_135' title='bbox 109 949 202 1001; x_wconf 78' lang='lat' dir='ltr'>Pag.</span> <span class='ocrx_word' id='word_1_136' title='bbox 217 949 347 998; x_wconf 78' lang='lat'>2441.</span> <span class='ocrx_word' id='word_1_137' title='bbox 364 963 424 1002; x_wconf 85' lang='lat'>15.</span> <span class='ocrx_word' id='word_1_138' title='bbox 451 949 509 989; x_wconf 82' lang='grc' dir='ltr'>Εἰς</span> <span class='ocrx_word' id='word_1_139' title='bbox 527 951 569 988; x_wconf 73' lang='grc' dir='ltr'>το</span> <span class='ocrx_word' id='word_1_140' title='bbox 587 949 798 1001; x_wconf 73' lang='grc' dir='ltr'><strong><em>κάτοπτρον</em></strong></span> <span class='ocrx_word' id='word_1_141' title='bbox 814 948 1045 1003; x_wconf 58' lang='grc' dir='ltr'>ἀποβλέψῃ)</span> <span class='ocrx_word' id='word_1_142' title='bbox 1069 949 1132 989; x_wconf 93' lang='lat' dir='ltr'>De</span> <span class='ocrx_word' id='word_1_143' title='bbox 1150 952 1337 1003; x_wconf 73' lang='lat' dir='ltr'>oppositis</span> 
     </span>
     <span class='ocr_line' id='line_1_16' title="bbox 45 1001 1234 1056; baseline 0 -13"><span class='ocrx_word' id='word_1_144' title='bbox 45 1001 115 1043; x_wconf 86' lang='lat' dir='ltr'>-his</span> <span class='ocrx_word' id='word_1_145' title='bbox 127 1003 476 1056; x_wconf 83' lang='lat' dir='ltr'>praepofitionibus</span> <span class='ocrx_word' id='word_1_146' title='bbox 495 1016 533 1043; x_wconf 90' lang='lat' dir='ltr'>V.</span> <span class='ocrx_word' id='word_1_147' title='bbox 548 1002 659 1056; x_wconf 91' lang='lat' dir='ltr'>supra</span> <span class='ocrx_word' id='word_1_148' title='bbox 673 1002 827 1055; x_wconf 87' lang='lat' dir='ltr'>Quom.</span> <span class='ocrx_word' id='word_1_149' title='bbox 845 1003 940 1043; x_wconf 88' lang='lat' dir='ltr'>Hist.</span> <span class='ocrx_word' id='word_1_150' title='bbox 956 1016 990 1043; x_wconf 91' lang='lat' dir='ltr'>c.</span> <span class='ocrx_word' id='word_1_151' title='bbox 1002 1018 1064 1051; x_wconf 86' lang='lat'>42·</span> <span class='ocrx_word' id='word_1_152' title='bbox 1088 1004 1234 1044; x_wconf 76' lang='lat' dir='ltr'>Rmz.</span> 
     </span>
     <span class='ocr_line' id='line_1_17' title="bbox 108 1056 1331 1112; baseline 0.002 -16"><span class='ocrx_word' id='word_1_153' title='bbox 108 1058 204 1110; x_wconf 82' lang='lat' dir='ltr'>Pag.</span> <span class='ocrx_word' id='word_1_154' title='bbox 227 1070 316 1110; x_wconf 85' lang='lat'>245.</span> <span class='ocrx_word' id='word_1_155' title='bbox 336 1059 361 1097; x_wconf 86' lang='lat' dir='ltr'>l.</span> <span class='ocrx_word' id='word_1_156' title='bbox 382 1071 442 1111; x_wconf 85' lang='lat'>¹3·</span> <span class='ocrx_word' id='word_1_157' title='bbox 470 1056 708 1109; x_wconf 70' lang='grc' dir='ltr'>Παρῇειμεν)</span> <span class='ocrx_word' id='word_1_158' title='bbox 734 1056 1007 1110; x_wconf 83' lang='lat' dir='ltr'>Rescripfimus</span> <span class='ocrx_word' id='word_1_159' title='bbox 1029 1070 1079 1097; x_wconf 88' lang='lat' dir='ltr'>ex</span> <span class='ocrx_word' id='word_1_160' title='bbox 1103 1057 1189 1097; x_wconf 83' lang='lat' dir='ltr'>Mff.</span> <span class='ocrx_word' id='word_1_161' title='bbox 1205 1060 1331 1112; x_wconf 86' lang='lat' dir='ltr'>Regg.</span> 
     </span>
     <span class='ocr_line' id='line_1_18' title="bbox 46 1111 1334 1207; baseline 0.002 -2"><span class='ocrx_word' id='word_1_162' title='bbox 46 1111 301 1205; x_wconf 42' lang='lat' dir='ltr'>&amp;⁴512ss</span> <span class='ocrx_word' id='word_1_163' title='bbox 312 1111 508 1205; x_wconf 52' lang='lat'>2353}</span> <span class='ocrx_word' id='word_1_164' title='bbox 522 1111 1226 1206; x_wconf 48' lang='lat' dir='ltr'>{nssffniiffiedffaffifbi&#39;jfissiffissfsst&#39;ass‘fzn‘52</span> <span class='ocrx_word' id='word_1_165' title='bbox 1235 1112 1334 1207; x_wconf 59' lang='lat'>1323?</span> 
     </span>
     <span class='ocr_line' id='line_1_19' title="bbox 107 1179 1132 1273; baseline 0.001 -16"><span class='ocrx_word' id='word_1_166' title='bbox 107 1221 182 1259; x_wconf 86' lang='lat' dir='ltr'>ead.</span> <span class='ocrx_word' id='word_1_167' title='bbox 197 1182 296 1269; x_wconf 60' lang='grc' dir='ltr'>ΛΡΜ.</span> <span class='ocrx_word' id='word_1_168' title='bbox 310 1219 364 1259; x_wconf 85' lang='grc' dir='ltr'>Ἐν</span> <span class='ocrx_word' id='word_1_169' title='bbox 379 1181 463 1273; x_wconf 47' lang='lat' dir='ltr'>{pc}</span> <span class='ocrx_word' id='word_1_170' title='bbox 476 1219 492 1272; x_wconf 95' lang='lat'>)</span> <span class='ocrx_word' id='word_1_171' title='bbox 503 1179 577 1259; x_wconf 83' lang='lat' dir='ltr'>pSic</span> <span class='ocrx_word' id='word_1_172' title='bbox 591 1218 704 1272; x_wconf 88' lang='lat' dir='ltr'>supra</span> <span class='ocrx_word' id='word_1_173' title='bbox 718 1218 823 1270; x_wconf 78' lang='grc' dir='ltr'>Ζεὺξ.</span> <span class='ocrx_word' id='word_1_174' title='bbox 840 1233 872 1258; x_wconf 92' lang='lat' dir='ltr'>c.</span> <span class='ocrx_word' id='word_1_175' title='bbox 885 1221 908 1258; x_wconf 92' lang='lat'>6</span> <span class='ocrx_word' id='word_1_176' title='bbox 922 1219 947 1259; x_wconf 89' lang='lat' dir='ltr'>f.</span> <span class='ocrx_word' id='word_1_177' title='bbox 967 1195 1132 1259; x_wconf 52' lang='lat' dir='ltr'>’Sor-An.</span> 
     </span>
     <span class='ocr_line' id='line_1_20' title="bbox 106 1269 1332 1330; baseline 0.002 -18"><span class='ocrx_word' id='word_1_178' title='bbox 106 1273 200 1326; x_wconf 77' lang='lat' dir='ltr'>Pag.</span> <span class='ocrx_word' id='word_1_179' title='bbox 224 1274 314 1322; x_wconf 84' lang='lat'><strong>246.</strong></span> <span class='ocrx_word' id='word_1_180' title='bbox 335 1274 358 1312; x_wconf 93' lang='lat' dir='ltr'>l.</span> <span class='ocrx_word' id='word_1_181' title='bbox 380 1274 416 1313; x_wconf 90' lang='lat'>8.</span> <span class='ocrx_word' id='word_1_182' title='bbox 429 1270 628 1323; x_wconf 77' lang='grc' dir='ltr'>Ἄνθρωπον</span> <span class='ocrx_word' id='word_1_183' title='bbox 649 1272 717 1323; x_wconf 83' lang='grc' dir='ltr'>μὲν</span> <span class='ocrx_word' id='word_1_184' title='bbox 735 1269 886 1326; x_wconf 56' lang='grc' dir='ltr'>οὐδένα)</span> <span class='ocrx_word' id='word_1_185' title='bbox 904 1273 963 1313; x_wconf 81' lang='lat' dir='ltr'>Ita</span> <span class='ocrx_word' id='word_1_186' title='bbox 974 1273 1060 1313; x_wconf 74' lang='grc' dir='ltr'>ΜΠ.</span> <span class='ocrx_word' id='word_1_187' title='bbox 1082 1274 1205 1328; x_wconf 87' lang='lat' dir='ltr'>Regg.</span> <span class='ocrx_word' id='word_1_188' title='bbox 1227 1289 1332 1330; x_wconf 84' lang='lat'>2954</span> 
     </span>
     <span class='ocr_line' id='line_1_21' title="bbox 47 1323 710 1380; baseline -0.003 -12"><span class='ocrx_word' id='word_1_189' title='bbox 47 1326 94 1368; x_wconf 73' lang='grc' dir='ltr'>δι</span> <span class='ocrx_word' id='word_1_190' title='bbox 113 1340 227 1380; x_wconf 83' lang='lat'>3011.</span> <span class='ocrx_word' id='word_1_191' title='bbox 246 1325 472 1380; x_wconf 69' lang='lat' dir='ltr'>Impr.·?e&#39;v6p.</span> <span class='ocrx_word' id='word_1_192' title='bbox 490 1323 621 1368; x_wconf 53' lang='grc' dir='ltr'>οὐθένα</span> <span class='ocrx_word' id='word_1_193' title='bbox 631 1328 710 1377; x_wconf 83' lang='grc' dir='ltr'>μέν.</span> 
     </span>
     <span class='ocr_line' id='line_1_22' title="bbox 106 1378 1333 1434; baseline 0.003 -14"><span class='ocrx_word' id='word_1_194' title='bbox 106 1384 181 1420; x_wconf 77' lang='lat' dir='ltr'>ead.</span> <span class='ocrx_word' id='word_1_195' title='bbox 191 1381 215 1421; x_wconf 93' lang='lat' dir='ltr'>l.</span> <span class='ocrx_word' id='word_1_196' title='bbox 231 1394 289 1434; x_wconf 82' lang='lat'>¹5·</span> <span class='ocrx_word' id='word_1_197' title='bbox 306 1378 427 1422; x_wconf 66' lang='grc' dir='ltr'>Οὐδὲν</span> <span class='ocrx_word' id='word_1_198' title='bbox 443 1379 546 1431; x_wconf 67' lang='grc' dir='ltr'>ἡμᾶς</span> <span class='ocrx_word' id='word_1_199' title='bbox 560 1379 725 1434; x_wconf 55' lang='grc' dir='ltr'>ὑέίκουν)</span> <span class='ocrx_word' id='word_1_200' title='bbox 737 1379 898 1421; x_wconf 60' lang='lat' dir='ltr'>’Asiaene</span> <span class='ocrx_word' id='word_1_201' title='bbox 911 1379 985 1420; x_wconf 86' lang='lat' dir='ltr'>effe</span> <span class='ocrx_word' id='word_1_202' title='bbox 999 1381 1080 1421; x_wconf 89' lang='lat' dir='ltr'>vim</span> <span class='ocrx_word' id='word_1_203' title='bbox 1094 1380 1247 1432; x_wconf 86' lang='lat' dir='ltr'>inferre,</span> <span class='ocrx_word' id='word_1_204' title='bbox 1262 1397 1333 1424; x_wconf 90' lang='lat' dir='ltr'>no-</span> 
     </span>
     <span class='ocr_line' id='line_1_23' title="bbox 43 1435 1330 1489; baseline 0.002 -14"><span class='ocrx_word' id='word_1_205' title='bbox 43 1448 155 1482; x_wconf 84' lang='lat' dir='ltr'>cere,</span> <span class='ocrx_word' id='word_1_206' title='bbox 169 1435 365 1488; x_wconf 81' lang='lat' dir='ltr'>(adeoque</span> <span class='ocrx_word' id='word_1_207' title='bbox 381 1436 493 1475; x_wconf 81' lang='lat' dir='ltr'>etiam</span> <span class='ocrx_word' id='word_1_208' title='bbox 507 1436 552 1474; x_wconf 92' lang='lat' dir='ltr'>de</span> <span class='ocrx_word' id='word_1_209' title='bbox 565 1435 780 1474; x_wconf 83' lang='lat' dir='ltr'>inanimatis</span> <span class='ocrx_word' id='word_1_210' title='bbox 796 1435 909 1475; x_wconf 87' lang='lat' dir='ltr'>rebus</span> <span class='ocrx_word' id='word_1_211' title='bbox 921 1435 1015 1488; x_wconf 89' lang='lat' dir='ltr'>dici)</span> <span class='ocrx_word' id='word_1_212' title='bbox 1036 1446 1079 1475; x_wconf 93' lang='lat' dir='ltr'>ut</span> <span class='ocrx_word' id='word_1_213' title='bbox 1092 1436 1128 1476; x_wconf 84' lang='grc' dir='ltr'>Τ</span> <span class='ocrx_word' id='word_1_214' title='bbox 1131 1437 1274 1489; x_wconf 88' lang='lat' dir='ltr'>hucyd.</span> <span class='ocrx_word' id='word_1_215' title='bbox 1287 1439 1330 1478; x_wconf 89' lang='lat' dir='ltr'>L.</span> 
     </span>
     <span class='ocr_line' id='line_1_24' title="bbox 51 1487 1331 1543; baseline 0.003 -14"><span class='ocrx_word' id='word_1_216' title='bbox 51 1489 104 1537; x_wconf 88' lang='lat'>11,</span> <span class='ocrx_word' id='word_1_217' title='bbox 120 1503 156 1543; x_wconf 92' lang='lat' dir='ltr'>p.</span> <span class='ocrx_word' id='word_1_218' title='bbox 173 1502 261 1542; x_wconf 85' lang='lat'>103,</span> <span class='ocrx_word' id='word_1_219' title='bbox 278 1490 319 1529; x_wconf 76' lang='grc' dir='ltr'>δι</span> <span class='ocrx_word' id='word_1_220' title='bbox 334 1490 390 1537; x_wconf 94' lang='lat' dir='ltr'>V,</span> <span class='ocrx_word' id='word_1_221' title='bbox 405 1488 548 1538; x_wconf 85' lang='lat'>400‚&amp;</span> <span class='ocrx_word' id='word_1_222' title='bbox 564 1489 803 1543; x_wconf 85' lang='lat' dir='ltr'>Apocalyps.</span> <span class='ocrx_word' id='word_1_223' title='bbox 815 1490 871 1529; x_wconf 89' lang='lat' dir='ltr'>IX</span> <span class='ocrx_word' id='word_1_224' title='bbox 884 1521 895 1538; x_wconf 91' lang='lat'>‚</span> <span class='ocrx_word' id='word_1_225' title='bbox 916 1505 955 1538; x_wconf 84' lang='lat'>4,</span> <span class='ocrx_word' id='word_1_226' title='bbox 969 1487 1033 1529; x_wconf 75' lang='grc' dir='ltr'>ἵνα</span> <span class='ocrx_word' id='word_1_227' title='bbox 1051 1490 1103 1541; x_wconf 62' lang='grc' dir='ltr'>μὴ</span> <span class='ocrx_word' id='word_1_228' title='bbox 1119 1490 1331 1533; x_wconf 60' lang='grc' dir='ltr'>ὰὲικιῖσωσι</span> 
     </span>
     <span class='ocr_line' id='line_1_25' title="bbox 29 1541 1333 1599; baseline 0.003 -17"><span class='ocrx_word' id='word_1_229' title='bbox 29 1541 117 1583; x_wconf 72' lang='grc' dir='ltr'>’τον</span> <span class='ocrx_word' id='word_1_230' title='bbox 125 1544 280 1597; x_wconf 71' lang='grc' dir='ltr'>χόρτον,</span> <span class='ocrx_word' id='word_1_231' title='bbox 293 1543 462 1583; x_wconf 73' lang='grc' dir='ltr'>ειάἀιιὲὶίς</span> <span class='ocrx_word' id='word_1_232' title='bbox 473 1543 586 1582; x_wconf 87' lang='lat' dir='ltr'>etiam</span> <span class='ocrx_word' id='word_1_233' title='bbox 595 1544 652 1583; x_wconf 87' lang='lat' dir='ltr'>his</span> <span class='ocrx_word' id='word_1_234' title='bbox 661 1543 821 1584; x_wconf 85' lang='lat' dir='ltr'>Luciani</span> <span class='ocrx_word' id='word_1_235' title='bbox 832 1544 1075 1596; x_wconf 88' lang='lat' dir='ltr'>aliorumque</span> <span class='ocrx_word' id='word_1_236' title='bbox 1087 1545 1227 1595; x_wconf 85' lang='lat' dir='ltr'>verbis,</span> <span class='ocrx_word' id='word_1_237' title='bbox 1240 1559 1333 1599; x_wconf 90' lang='lat' dir='ltr'>pro-</span> 
     </span>
     <span class='ocr_line' id='line_1_26' title="bbox 51 1597 1138 1650; baseline 0.001 -13"><span class='ocrx_word' id='word_1_238' title='bbox 51 1597 118 1637; x_wconf 85' lang='lat' dir='ltr'>bat</span> <span class='ocrx_word' id='word_1_239' title='bbox 132 1597 273 1638; x_wconf 88' lang='lat' dir='ltr'>Elsner.</span> <span class='ocrx_word' id='word_1_240' title='bbox 289 1599 335 1637; x_wconf 89' lang='lat' dir='ltr'>ad</span> <span class='ocrx_word' id='word_1_241' title='bbox 349 1598 398 1637; x_wconf 91' lang='lat' dir='ltr'>N.</span> <span class='ocrx_word' id='word_1_242' title='bbox 409 1597 459 1637; x_wconf 89' lang='lat' dir='ltr'>T.</span> <span class='ocrx_word' id='word_1_243' title='bbox 471 1597 520 1637; x_wconf 92' lang='lat' dir='ltr'>T.</span> <span class='ocrx_word' id='word_1_244' title='bbox 535 1612 573 1645; x_wconf 90' lang='lat'>2,</span> <span class='ocrx_word' id='word_1_245' title='bbox 589 1611 624 1650; x_wconf 69' lang='lat' dir='ltr'>p,</span> <span class='ocrx_word' id='word_1_246' title='bbox 640 1611 714 1650; x_wconf 86' lang='lat'>453</span> <span class='ocrx_word' id='word_1_247' title='bbox 731 1598 788 1636; x_wconf 91' lang='lat' dir='ltr'>ed.</span> <span class='ocrx_word' id='word_1_248' title='bbox 803 1597 973 1637; x_wconf 60' lang='lat' dir='ltr'>Traiect.</span> <span class='ocrx_word' id='word_1_249' title='bbox 992 1597 1138 1638; x_wconf 79' lang='lat' dir='ltr'>Rmz.</span> 
     </span>
     <span class='ocr_line' id='line_1_27' title="bbox 107 1650 1332 1705; baseline 0.003 -15"><span class='ocrx_word' id='word_1_250' title='bbox 107 1654 180 1691; x_wconf 84' lang='lat' dir='ltr'>ead.</span> <span class='ocrx_word' id='word_1_251' title='bbox 195 1653 220 1692; x_wconf 86' lang='lat' dir='ltr'>l.</span> <span class='ocrx_word' id='word_1_252' title='bbox 240 1666 253 1690; x_wconf 85' lang='lat'>1</span> <span class='ocrx_word' id='word_1_253' title='bbox 263 1652 297 1691; x_wconf 93' lang='lat'>6.</span> <span class='ocrx_word' id='word_1_254' title='bbox 309 1652 390 1691; x_wconf 75' lang='grc' dir='ltr'>Ἐπὶ</span> <span class='ocrx_word' id='word_1_255' title='bbox 402 1651 506 1703; x_wconf 74' lang='grc' dir='ltr'>ξενίᾳ</span> <span class='ocrx_word' id='word_1_256' title='bbox 516 1651 695 1704; x_wconf 69' lang='grc' dir='ltr'>ἐκάλουν)</span> <span class='ocrx_word' id='word_1_257' title='bbox 708 1650 768 1691; x_wconf 74' lang='lat' dir='ltr'>Sic</span> <span class='ocrx_word' id='word_1_258' title='bbox 780 1651 950 1691; x_wconf 85' lang='lat' dir='ltr'>Icarom.</span> <span class='ocrx_word' id='word_1_259' title='bbox 960 1664 1046 1705; x_wconf 77' lang='lat' dir='ltr'>cap.</span> <span class='ocrx_word' id='word_1_260' title='bbox 1061 1652 1178 1705; x_wconf 48' lang='lat'>²35&amp;</span> <span class='ocrx_word' id='word_1_261' title='bbox 1189 1651 1241 1692; x_wconf 90' lang='lat' dir='ltr'>D.</span> <span class='ocrx_word' id='word_1_262' title='bbox 1256 1652 1332 1695; x_wconf 60' lang='lat' dir='ltr'>sies</span> 
     </span>
     <span class='ocr_line' id='line_1_28' title="bbox 49 1703 1330 1759; baseline 0.002 -15"><span class='ocrx_word' id='word_1_263' title='bbox 49 1703 146 1745; x_wconf 86' lang='lat' dir='ltr'><strong>XIII</strong></span> <span class='ocrx_word' id='word_1_264' title='bbox 158 1719 213 1754; x_wconf 93' lang='lat' dir='ltr'>‚c.</span> <span class='ocrx_word' id='word_1_265' title='bbox 228 1704 297 1759; x_wconf 82' lang='lat'>83,</span> <span class='ocrx_word' id='word_1_266' title='bbox 310 1719 347 1758; x_wconf 90' lang='lat' dir='ltr'>p.</span> <span class='ocrx_word' id='word_1_267' title='bbox 363 1705 456 1753; x_wconf 90' lang='lat'>608,</span> <span class='ocrx_word' id='word_1_268' title='bbox 469 1704 663 1745; x_wconf 57' lang='lat' dir='ltr'>intellecto</span> <span class='ocrx_word' id='word_1_269' title='bbox 676 1705 855 1757; x_wconf 64' lang='grc' dir='ltr'>τραπέζῃ,</span> <span class='ocrx_word' id='word_1_270' title='bbox 867 1717 911 1745; x_wconf 91' lang='lat' dir='ltr'>ut</span> <span class='ocrx_word' id='word_1_271' title='bbox 924 1706 965 1744; x_wconf 91' lang='lat' dir='ltr'>L.</span> <span class='ocrx_word' id='word_1_272' title='bbox 982 1706 1061 1745; x_wconf 89' lang='lat' dir='ltr'>Bos</span> <span class='ocrx_word' id='word_1_273' title='bbox 1076 1707 1201 1746; x_wconf 87' lang='lat' dir='ltr'>docet.</span> <span class='ocrx_word' id='word_1_274' title='bbox 1217 1707 1330 1747; x_wconf 84' lang='lat' dir='ltr'>Alios</span> 
     </span>
     <span class='ocr_line' id='line_1_29' title="bbox 44 1758 1327 1814; baseline 0.002 -15"><span class='ocrx_word' id='word_1_275' title='bbox 44 1760 218 1814; x_wconf 77' lang='lat' dir='ltr'>probare</span> <span class='ocrx_word' id='word_1_276' title='bbox 231 1760 294 1799; x_wconf 70' lang='grc' dir='ltr'>ἐπὶ</span> <span class='ocrx_word' id='word_1_277' title='bbox 306 1760 408 1812; x_wconf 73' lang='grc' dir='ltr'>ξένια</span> <span class='ocrx_word' id='word_1_278' title='bbox 418 1790 432 1805; x_wconf 93' lang='grc'>,</span> <span class='ocrx_word' id='word_1_279' title='bbox 451 1759 528 1798; x_wconf 90' lang='lat' dir='ltr'>scil.</span> <span class='ocrx_word' id='word_1_280' title='bbox 539 1758 657 1811; x_wconf 55' lang='grc' dir='ltr'>δῶρα,</span> <span class='ocrx_word' id='word_1_281' title='bbox 670 1760 748 1798; x_wconf 86' lang='lat' dir='ltr'>vid.</span> <span class='ocrx_word' id='word_1_282' title='bbox 761 1758 884 1798; x_wconf 86' lang='lat' dir='ltr'>Weff.</span> <span class='ocrx_word' id='word_1_283' title='bbox 899 1760 944 1798; x_wconf 89' lang='lat' dir='ltr'>ad</span> <span class='ocrx_word' id='word_1_284' title='bbox 957 1758 1074 1798; x_wconf 90' lang='lat' dir='ltr'><strong>Diod.</strong></span> <span class='ocrx_word' id='word_1_285' title='bbox 1086 1760 1110 1798; x_wconf 90' lang='grc'>1.</span> <span class='ocrx_word' id='word_1_286' title='bbox 1123 1761 1157 1799; x_wconf 93' lang='lat' dir='ltr'>d.</span> <span class='ocrx_word' id='word_1_287' title='bbox 1176 1760 1327 1801; x_wconf 78' lang='lat' dir='ltr'>Rmz.</span> 
     </span>
     <span class='ocr_line' id='line_1_30' title="bbox 108 1811 1330 1866; baseline 0.002 -14"><span class='ocrx_word' id='word_1_288' title='bbox 108 1814 201 1865; x_wconf 84' lang='lat' dir='ltr'>Pag.</span> <span class='ocrx_word' id='word_1_289' title='bbox 217 1827 306 1863; x_wconf 85' lang='lat'><strong>247.</strong></span> <span class='ocrx_word' id='word_1_290' title='bbox 322 1815 348 1853; x_wconf 90' lang='lat' dir='ltr'>l.</span> <span class='ocrx_word' id='word_1_291' title='bbox 368 1827 399 1866; x_wconf 86' lang='lat'>5.</span> <span class='ocrx_word' id='word_1_292' title='bbox 419 1811 656 1865; x_wconf 66' lang='grc' dir='ltr'>Σβεσέᾶνῖνοιι)</span> <span class='ocrx_word' id='word_1_293' title='bbox 678 1813 844 1852; x_wconf 86' lang='lat' dir='ltr'>Videtur</span> <span class='ocrx_word' id='word_1_294' title='bbox 867 1813 942 1852; x_wconf 88' lang='lat' dir='ltr'>hoc</span> <span class='ocrx_word' id='word_1_295' title='bbox 962 1825 1186 1852; x_wconf 89' lang='lat' dir='ltr'>commento</span> <span class='ocrx_word' id='word_1_296' title='bbox 1209 1815 1330 1855; x_wconf 86' lang='lat' dir='ltr'>ridere</span> 
     </span>
     <span class='ocr_line' id='line_1_31' title="bbox 43 1866 1329 1921; baseline 0.001 -14"><span class='ocrx_word' id='word_1_297' title='bbox 43 1867 317 1921; x_wconf 73' lang='lat' dir='ltr'>philosophoe,</span> <span class='ocrx_word' id='word_1_298' title='bbox 329 1868 397 1920; x_wconf 90' lang='lat' dir='ltr'>qui</span> <span class='ocrx_word' id='word_1_299' title='bbox 410 1868 557 1913; x_wconf 80' lang='lat' dir='ltr'>animas</span> <span class='ocrx_word' id='word_1_300' title='bbox 567 1866 641 1906; x_wconf 81' lang='lat' dir='ltr'>esse</span> <span class='ocrx_word' id='word_1_301' title='bbox 654 1878 811 1905; x_wconf 86' lang='lat' dir='ltr'>naturae</span> <span class='ocrx_word' id='word_1_302' title='bbox 824 1868 956 1918; x_wconf 84' lang='lat' dir='ltr'>igneae</span> <span class='ocrx_word' id='word_1_303' title='bbox 967 1866 1143 1913; x_wconf 83' lang='lat' dir='ltr'>statuere,</span> <span class='ocrx_word' id='word_1_304' title='bbox 1157 1879 1199 1906; x_wconf 90' lang='lat' dir='ltr'>ut</span> <span class='ocrx_word' id='word_1_305' title='bbox 1210 1881 1257 1907; x_wconf 78' lang='lat' dir='ltr'>ex</span> <span class='ocrx_word' id='word_1_306' title='bbox 1272 1868 1329 1908; x_wconf 86' lang='lat' dir='ltr'>fa·</span> 
     </span>
     <span class='ocr_line' id='line_1_32' title="bbox 51 1920 1329 1973; baseline 0 -11"><span class='ocrx_word' id='word_1_307' title='bbox 51 1922 144 1962; x_wconf 87' lang='lat' dir='ltr'>bula</span> <span class='ocrx_word' id='word_1_308' title='bbox 158 1921 376 1962; x_wconf 86' lang='lat' dir='ltr'>Promethei</span> <span class='ocrx_word' id='word_1_309' title='bbox 389 1933 544 1968; x_wconf 89' lang='lat' dir='ltr'>notum,</span> <span class='ocrx_word' id='word_1_310' title='bbox 556 1920 596 1959; x_wconf 76' lang='grc' dir='ltr'>δι</span> <span class='ocrx_word' id='word_1_311' title='bbox 609 1933 657 1959; x_wconf 88' lang='lat' dir='ltr'>ex</span> <span class='ocrx_word' id='word_1_312' title='bbox 671 1920 753 1961; x_wconf 86' lang='lat' dir='ltr'>Cic.</span> <span class='ocrx_word' id='word_1_313' title='bbox 767 1920 898 1960; x_wconf 89' lang='lat' dir='ltr'>Somn.</span> <span class='ocrx_word' id='word_1_314' title='bbox 912 1920 1012 1972; x_wconf 84' lang='lat' dir='ltr'>Scip.</span> <span class='ocrx_word' id='word_1_315' title='bbox 1025 1934 1058 1960; x_wconf 92' lang='lat' dir='ltr'>c.</span> <span class='ocrx_word' id='word_1_316' title='bbox 1077 1935 1114 1973; x_wconf 88' lang='lat'>3,</span> <span class='ocrx_word' id='word_1_317' title='bbox 1129 1922 1192 1960; x_wconf 87' lang='lat' dir='ltr'>ubi</span> <span class='ocrx_word' id='word_1_318' title='bbox 1204 1923 1329 1962; x_wconf 86' lang='lat' dir='ltr'>Corn-</span> 
     </span>
     <span class='ocr_line' id='line_1_33' title="bbox 53 1973 1330 2029; baseline 0.001 -14"><span class='ocrx_word' id='word_1_319' title='bbox 53 1986 290 2016; x_wconf 84' lang='lat' dir='ltr'>mentatores</span> <span class='ocrx_word' id='word_1_320' title='bbox 301 1975 402 2015; x_wconf 84' lang='lat' dir='ltr'>vide.</span> <span class='ocrx_word' id='word_1_321' title='bbox 427 1975 540 2015; x_wconf 87' lang='lat' dir='ltr'>Unde</span> <span class='ocrx_word' id='word_1_322' title='bbox 554 1973 777 2027; x_wconf 88' lang='lat' dir='ltr'>quibusdam</span> <span class='ocrx_word' id='word_1_323' title='bbox 793 1975 926 2026; x_wconf 87' lang='lat' dir='ltr'>opinio</span> <span class='ocrx_word' id='word_1_324' title='bbox 939 1973 1089 2014; x_wconf 88' lang='lat' dir='ltr'>sedebat</span> <span class='ocrx_word' id='word_1_325' title='bbox 1101 2006 1112 2022; x_wconf 92' lang='lat'>,</span> <span class='ocrx_word' id='word_1_326' title='bbox 1127 1978 1235 2029; x_wconf 88' lang='lat' dir='ltr'>aquis</span> <span class='ocrx_word' id='word_1_327' title='bbox 1246 1976 1330 2016; x_wconf 90' lang='lat' dir='ltr'>suf-</span> 
     </span>
     <span class='ocr_line' id='line_1_34' title="bbox 47 2027 1327 2082; baseline 0.001 -13"><span class='ocrx_word' id='word_1_328' title='bbox 47 2029 175 2069; x_wconf 76' lang='lat' dir='ltr'>focati</span> <span class='ocrx_word' id='word_1_329' title='bbox 189 2030 322 2070; x_wconf 87' lang='lat' dir='ltr'>mortis</span> <span class='ocrx_word' id='word_1_330' title='bbox 338 2028 412 2069; x_wconf 82' lang='lat' dir='ltr'>effe</span> <span class='ocrx_word' id='word_1_331' title='bbox 425 2041 545 2081; x_wconf 84' lang='lat' dir='ltr'>genus</span> <span class='ocrx_word' id='word_1_332' title='bbox 557 2029 731 2068; x_wconf 90' lang='lat' dir='ltr'>omnium</span> <span class='ocrx_word' id='word_1_333' title='bbox 754 2027 953 2082; x_wconf 85' lang='lat' dir='ltr'>peffimum</span> <span class='ocrx_word' id='word_1_334' title='bbox 967 2057 978 2076; x_wconf 94' lang='lat'>,</span> <span class='ocrx_word' id='word_1_335' title='bbox 1004 2029 1111 2082; x_wconf 90' lang='lat' dir='ltr'>quod</span> <span class='ocrx_word' id='word_1_336' title='bbox 1130 2031 1256 2070; x_wconf 86' lang='lat' dir='ltr'>anima</span> <span class='ocrx_word' id='word_1_337' title='bbox 1275 2030 1327 2071; x_wconf 85' lang='lat' dir='ltr'>fic</span> 
     </span>
     <span class='ocr_line' id='line_1_35' title="bbox 46 2082 709 2137; baseline -0.006 -13"><span class='ocrx_word' id='word_1_338' title='bbox 46 2084 207 2137; x_wconf 75' lang='lat' dir='ltr'>penitus</span> <span class='ocrx_word' id='word_1_339' title='bbox 222 2083 539 2135; x_wconf 84' lang='lat' dir='ltr'>exstingueretur.</span> <span class='ocrx_word' id='word_1_340' title='bbox 560 2082 709 2121; x_wconf 71' lang='lat' dir='ltr'>Rurz.</span> 
     </span>
     <span class='ocr_line' id='line_1_36' title="bbox 105 2132 1327 2190; baseline 0.002 -15"><span class='ocrx_word' id='word_1_341' title='bbox 105 2140 180 2178; x_wconf 84' lang='lat' dir='ltr'>ead.</span> <span class='ocrx_word' id='word_1_342' title='bbox 195 2138 218 2176; x_wconf 93' lang='lat' dir='ltr'>l.</span> <span class='ocrx_word' id='word_1_343' title='bbox 235 2151 272 2190; x_wconf 90' lang='lat'>9.</span> <span class='ocrx_word' id='word_1_344' title='bbox 283 2137 414 2177; x_wconf 79' lang='grc' dir='ltr'><strong><em>Ὅπως</em></strong></span> <span class='ocrx_word' id='word_1_345' title='bbox 427 2136 568 2189; x_wconf 79' lang='grc' dir='ltr'>ἔχοιεν)</span> <span class='ocrx_word' id='word_1_346' title='bbox 588 2135 705 2176; x_wconf 89' lang='lat' dir='ltr'>Conf.</span> <span class='ocrx_word' id='word_1_347' title='bbox 722 2149 816 2176; x_wconf 81' lang='lat' dir='ltr'>mox</span> <span class='ocrx_word' id='word_1_348' title='bbox 833 2149 866 2176; x_wconf 85' lang='lat' dir='ltr'>c.</span> <span class='ocrx_word' id='word_1_349' title='bbox 882 2151 954 2190; x_wconf 85' lang='lat'>33,</span> <span class='ocrx_word' id='word_1_350' title='bbox 974 2136 1041 2176; x_wconf 87' lang='lat' dir='ltr'>ubi</span> <span class='ocrx_word' id='word_1_351' title='bbox 1063 2132 1111 2177; x_wconf 78' lang='grc' dir='ltr'>ὦς</span> <span class='ocrx_word' id='word_1_352' title='bbox 1130 2135 1234 2190; x_wconf 76' lang='grc' dir='ltr'><em>ἔχει.</em></span> <span class='ocrx_word' id='word_1_353' title='bbox 1255 2137 1327 2178; x_wconf 82' lang='lat' dir='ltr'>Sed</span> 
     </span>
     <span class='ocr_line' id='line_1_37' title="bbox 54 2190 496 2246; baseline -0.005 -15"><span class='ocrx_word' id='word_1_354' title='bbox 54 2192 122 2246; x_wconf 82' lang='lat'>36,</span> <span class='ocrx_word' id='word_1_355' title='bbox 133 2190 234 2231; x_wconf 66' lang='grc' dir='ltr'>ὅπως</span> <span class='ocrx_word' id='word_1_356' title='bbox 247 2191 316 2231; x_wconf 86' lang='lat' dir='ltr'>bis.</span> <span class='ocrx_word' id='word_1_357' title='bbox 336 2191 496 2231; x_wconf 69' lang='lat' dir='ltr'><strong>SOLAN.</strong></span> 
     </span>
     <span class='ocr_line' id='line_1_38' title="bbox 108 2243 1325 2297; baseline 0.001 -13"><span class='ocrx_word' id='word_1_358' title='bbox 108 2249 184 2285; x_wconf 84' lang='lat' dir='ltr'>ead.</span> <span class='ocrx_word' id='word_1_359' title='bbox 197 2246 220 2284; x_wconf 92' lang='lat' dir='ltr'>l.</span> <span class='ocrx_word' id='word_1_360' title='bbox 239 2259 296 2285; x_wconf 88' lang='lat'>12.</span> <span class='ocrx_word' id='word_1_361' title='bbox 309 2244 681 2297; x_wconf 64' lang='grc' dir='ltr'>Νεφελοκοκκυγίαν)</span> <span class='ocrx_word' id='word_1_362' title='bbox 703 2244 761 2284; x_wconf 80' lang='lat' dir='ltr'>Ex</span> <span class='ocrx_word' id='word_1_363' title='bbox 773 2243 1038 2297; x_wconf 79' lang='lat' dir='ltr'>Aristophanis</span> <span class='ocrx_word' id='word_1_364' title='bbox 1054 2245 1189 2284; x_wconf 82' lang='lat' dir='ltr'>avibus</span> <span class='ocrx_word' id='word_1_365' title='bbox 1203 2244 1325 2286; x_wconf 83' lang='lat' dir='ltr'>sumta</span> 
     </span>
     <span class='ocr_line' id='line_1_39' title="bbox 52 2297 1326 2353; baseline 0.002 -15"><span class='ocrx_word' id='word_1_366' title='bbox 52 2299 147 2339; x_wconf 86' lang='lat' dir='ltr'>urbs</span> <span class='ocrx_word' id='word_1_367' title='bbox 158 2298 282 2338; x_wconf 78' lang='lat' dir='ltr'>V.820</span> <span class='ocrx_word' id='word_1_368' title='bbox 295 2297 398 2351; x_wconf 90' lang='lat' dir='ltr'>seqq.</span> <span class='ocrx_word' id='word_1_369' title='bbox 413 2302 660 2345; x_wconf 77' lang='grc' dir='ltr'>Κοττυφίωνος</span> <span class='ocrx_word' id='word_1_370' title='bbox 675 2311 818 2337; x_wconf 92' lang='lat' dir='ltr'>nomen</span> <span class='ocrx_word' id='word_1_371' title='bbox 835 2311 914 2338; x_wconf 91' lang='lat' dir='ltr'>non</span> <span class='ocrx_word' id='word_1_372' title='bbox 927 2298 1124 2347; x_wconf 86' lang='lat' dir='ltr'>mutarim,</span> <span class='ocrx_word' id='word_1_373' title='bbox 1136 2312 1225 2338; x_wconf 89' lang='lat' dir='ltr'>cum</span> <span class='ocrx_word' id='word_1_374' title='bbox 1238 2312 1326 2353; x_wconf 88' lang='lat' dir='ltr'>apte</span> 
     </span>
     <span class='ocr_line' id='line_1_40' title="bbox 50 2351 872 2404; baseline -0.004 -11"><span class='ocrx_word' id='word_1_375' title='bbox 50 2353 101 2393; x_wconf 79' lang='lat' dir='ltr'>ad</span> <span class='ocrx_word' id='word_1_376' title='bbox 117 2353 213 2393; x_wconf 90' lang='lat' dir='ltr'>hanc</span> <span class='ocrx_word' id='word_1_377' title='bbox 231 2352 505 2404; x_wconf 86' lang='lat' dir='ltr'>rempublicam</span> <span class='ocrx_word' id='word_1_378' title='bbox 519 2363 722 2404; x_wconf 84' lang='lat' dir='ltr'>congruat.</span> <span class='ocrx_word' id='word_1_379' title='bbox 744 2351 872 2392; x_wconf 72' lang='lat' dir='ltr'><strong>GESN.</strong></span> 
     </span>
     <span class='ocr_line' id='line_1_41' title="bbox 106 2404 1328 2458; baseline -0.002 -13"><span class='ocrx_word' id='word_1_380' title='bbox 106 2409 179 2445; x_wconf 81' lang='lat' dir='ltr'>ead.</span> <span class='ocrx_word' id='word_1_381' title='bbox 192 2408 214 2445; x_wconf 92' lang='lat' dir='ltr'>I.</span> <span class='ocrx_word' id='word_1_382' title='bbox 233 2420 247 2444; x_wconf 75' lang='grc' dir='ltr'>ι</span> <span class='ocrx_word' id='word_1_383' title='bbox 261 2406 567 2458; x_wconf 79' lang='grc' dir='ltr'>ς.Κοττυφίωνος)</span> <span class='ocrx_word' id='word_1_384' title='bbox 585 2406 666 2452; x_wconf 84' lang='lat' dir='ltr'>Ait,</span> <span class='ocrx_word' id='word_1_385' title='bbox 688 2406 724 2445; x_wconf 89' lang='lat' dir='ltr'>se</span> <span class='ocrx_word' id='word_1_386' title='bbox 741 2404 956 2458; x_wconf 85' lang='lat' dir='ltr'>perveniffe</span> <span class='ocrx_word' id='word_1_387' title='bbox 969 2406 1005 2444; x_wconf 89' lang='lat' dir='ltr'>in</span> <span class='ocrx_word' id='word_1_388' title='bbox 1022 2406 1154 2445; x_wconf 89' lang='lat' dir='ltr'>urbem</span> <span class='ocrx_word' id='word_1_389' title='bbox 1170 2411 1328 2453; x_wconf 75' lang='grc' dir='ltr'>Νεφελο-’</span> 
     </span>
     <span class='ocr_line' id='line_1_42' title="bbox 46 2458 1328 2515; baseline 0.001 -14"><span class='ocrx_word' id='word_1_390' title='bbox 46 2460 276 2515; x_wconf 61' lang='grc' dir='ltr'>ιοκκυγίοιν,</span> <span class='ocrx_word' id='word_1_391' title='bbox 287 2459 398 2502; x_wconf 84' lang='lat' dir='ltr'>cuius</span> <span class='ocrx_word' id='word_1_392' title='bbox 412 2472 481 2501; x_wconf 82' lang='lat' dir='ltr'>rex</span> <span class='ocrx_word' id='word_1_393' title='bbox 498 2458 616 2500; x_wconf 83' lang='lat' dir='ltr'>fuerit</span> <span class='ocrx_word' id='word_1_394' title='bbox 630 2459 646 2500; x_wconf 85' lang='grc' dir='ltr'>ὁ</span> <span class='ocrx_word' id='word_1_395' title='bbox 659 2463 812 2513; x_wconf 68' lang='grc' dir='ltr'>Κορωνὶς</span> <span class='ocrx_word' id='word_1_396' title='bbox 827 2459 842 2500; x_wconf 87' lang='grc' dir='ltr'><strong><em>ὃ</em></strong></span> <span class='ocrx_word' id='word_1_397' title='bbox 855 2462 1113 2510; x_wconf 75' lang='grc' dir='ltr'>Κοττυφίωνος.</span> <span class='ocrx_word' id='word_1_398' title='bbox 1129 2460 1231 2501; x_wconf 90' lang='lat' dir='ltr'>Puto</span> <span class='ocrx_word' id='word_1_399' title='bbox 1242 2459 1328 2502; x_wconf 83' lang='lat' dir='ltr'>scri-</span> 
     </span>
    </p>
   </div>
  </div>
 </body>
</html>
