<?xml version="1.0" encoding="UTF-8"?>
<!DOCTYPE html PUBLIC "-//W3C//DTD XHTML 1.0 Transitional//EN"
    "http://www.w3.org/TR/xhtml1/DTD/xhtml1-transitional.dtd">
<html xmlns="http://www.w3.org/1999/xhtml" xml:lang="en" lang="en">
 <head>
  <title>
</title>
<meta http-equiv="Content-Type" content="text/html;charset=utf-8" />
  <meta name='ocr-system' content='tesseract 3.04.00' />
  <meta name='ocr-capabilities' content='ocr_page ocr_carea ocr_par ocr_line ocrx_word'/>
</head>
<body>
  <div class='ocr_page' id='page_1' title='image "./operagraeceetlat04luciuoft/operagraeceetlat04luciuoft_0479.png"; bbox 0 0 1768 3185; ppageno 0'>
   <div class='ocr_carea' id='block_1_1' title="bbox 0 0 43 2244">
    <p class='ocr_par' dir='ltr' id='par_1_1' title="bbox 0 0 43 2244">
     <span class='ocr_line' id='line_1_1' title="bbox 0 0 43 2244; baseline 0 0"><span class='ocrx_word' id='word_1_1' title='bbox 0 0 43 2244; x_wconf 95' lang='lat' dir='ltr'> </span> 
     </span>
    </p>
   </div>
   <div class='ocr_carea' id='block_1_2' title="bbox 146 130 1328 203">
    <p class='ocr_par' dir='ltr' id='par_1_2' title="bbox 146 130 1328 203">
     <span class='ocr_line' id='line_1_2' title="bbox 146 130 1328 203; baseline 0.003 -23"><span class='ocrx_word' id='word_1_2' title='bbox 146 133 217 180; x_wconf 90' lang='lat' dir='ltr'>IN</span> <span class='ocrx_word' id='word_1_3' title='bbox 236 132 578 203; x_wconf 76' lang='lat' dir='ltr'>QUOMODO</span> <span class='ocrx_word' id='word_1_4' title='bbox 601 130 760 178; x_wconf 84' lang='lat' dir='ltr'>HIST.</span> <span class='ocrx_word' id='word_1_5' title='bbox 784 130 886 178; x_wconf 89' lang='lat' dir='ltr'>SIT</span> <span class='ocrx_word' id='word_1_6' title='bbox 907 130 1172 179; x_wconf 83' lang='lat' dir='ltr'>CONSCR.</span> <span class='ocrx_word' id='word_1_7' title='bbox 1241 154 1328 199; x_wconf 84' lang='lat'>471</span> 
     </span>
    </p>
   </div>
   <div class='ocr_carea' id='block_1_3' title="bbox 0 217 1341 2536">
    <p class='ocr_par' dir='ltr' id='par_1_3' title="bbox 0 217 1341 919">
     <span class='ocr_line' id='line_1_3' title="bbox 58 217 1336 276; baseline 0.002 -16"><span class='ocrx_word' id='word_1_8' title='bbox 58 217 301 260; x_wconf 83' lang='lat' dir='ltr'>scribendum</span> <span class='ocrx_word' id='word_1_9' title='bbox 315 220 508 260; x_wconf 81' lang='lat' dir='ltr'>continuo</span> <span class='ocrx_word' id='word_1_10' title='bbox 521 218 604 269; x_wconf 81' lang='lat' dir='ltr'>filo,</span> <span class='ocrx_word' id='word_1_11' title='bbox 625 219 666 259; x_wconf 62' lang='lat' dir='ltr'>M*</span> <span class='ocrx_word' id='word_1_12' title='bbox 666 219 733 272; x_wconf 78' lang='grc' dir='ltr'>ρὼς</span> <span class='ocrx_word' id='word_1_13' title='bbox 745 219 1008 273; x_wconf 73' lang='grc' dir='ltr'><strong><em>ἐπιγενόμενος</em></strong></span> <span class='ocrx_word' id='word_1_14' title='bbox 1013 220 1138 276; x_wconf 46' lang='grc' dir='ltr'>,ςτολὺς</span> <span class='ocrx_word' id='word_1_15' title='bbox 1155 220 1261 261; x_wconf 77' lang='grc' dir='ltr'><strong><em>ἔλυσε</em></strong></span> <span class='ocrx_word' id='word_1_16' title='bbox 1274 226 1336 263; x_wconf 67' lang='grc' dir='ltr'>τὸν</span> 
     </span>
     <span class='ocr_line' id='line_1_4' title="bbox 53 272 1334 326; baseline 0.001 -12"><span class='ocrx_word' id='word_1_17' title='bbox 53 272 231 325; x_wconf 65' lang='grc' dir='ltr'><strong><em>πυρετόν.</em></strong></span> <span class='ocrx_word' id='word_1_18' title='bbox 245 274 321 320; x_wconf 88' lang='lat' dir='ltr'>At,</span> <span class='ocrx_word' id='word_1_19' title='bbox 337 286 397 321; x_wconf 88' lang='lat' dir='ltr'>at,</span> <span class='ocrx_word' id='word_1_20' title='bbox 419 275 573 313; x_wconf 86' lang='lat' dir='ltr'>minime</span> <span class='ocrx_word' id='word_1_21' title='bbox 589 274 746 314; x_wconf 86' lang='lat' dir='ltr'>delenda</span> <span class='ocrx_word' id='word_1_22' title='bbox 767 274 886 314; x_wconf 85' lang='lat' dir='ltr'>verba</span> <span class='ocrx_word' id='word_1_23' title='bbox 900 273 965 312; x_wconf 71' lang='grc' dir='ltr'>καὶ</span> <span class='ocrx_word' id='word_1_24' title='bbox 991 274 1108 319; x_wconf 84' lang='grc' dir='ltr'><strong><em>οὑτος,</em></strong></span> <span class='ocrx_word' id='word_1_25' title='bbox 1133 288 1234 326; x_wconf 85' lang='lat' dir='ltr'>quae</span> <span class='ocrx_word' id='word_1_26' title='bbox 1255 277 1334 315; x_wconf 90' lang='lat' dir='ltr'>vim</span> 
     </span>
     <span class='ocr_line' id='line_1_5' title="bbox 58 326 1337 380; baseline 0.002 -12"><span class='ocrx_word' id='word_1_27' title='bbox 58 327 270 368; x_wconf 76' lang='lat' dir='ltr'>notabilem</span> <span class='ocrx_word' id='word_1_28' title='bbox 293 328 455 374; x_wconf 86' lang='lat' dir='ltr'>habent,</span> <span class='ocrx_word' id='word_1_29' title='bbox 481 338 524 367; x_wconf 91' lang='lat' dir='ltr'>ut</span> <span class='ocrx_word' id='word_1_30' title='bbox 549 327 736 380; x_wconf 81' lang='lat' dir='ltr'>Micyllus</span> <span class='ocrx_word' id='word_1_31' title='bbox 759 328 798 367; x_wconf 88' lang='lat' dir='ltr'>in</span> <span class='ocrx_word' id='word_1_32' title='bbox 821 326 997 368; x_wconf 74' lang='lat' dir='ltr'>versione</span> <span class='ocrx_word' id='word_1_33' title='bbox 1019 328 1077 366; x_wconf 87' lang='lat' dir='ltr'>ed.</span> <span class='ocrx_word' id='word_1_34' title='bbox 1100 327 1212 368; x_wconf 83' lang='lat' dir='ltr'>Paris.</span> <span class='ocrx_word' id='word_1_35' title='bbox 1235 329 1337 371; x_wconf 69' lang='lat' dir='ltr'>refte</span> 
     </span>
     <span class='ocr_line' id='line_1_6' title="bbox 58 379 1337 435; baseline 0.001 -13"><span class='ocrx_word' id='word_1_36' title='bbox 58 379 226 422; x_wconf 76' lang='lat' dir='ltr'>ostendit</span> <span class='ocrx_word' id='word_1_37' title='bbox 235 412 250 428; x_wconf 95' lang='lat'>,</span> <span class='ocrx_word' id='word_1_38' title='bbox 263 392 418 422; x_wconf 81' lang='lat' dir='ltr'>vertens</span> <span class='ocrx_word' id='word_1_39' title='bbox 428 412 438 429; x_wconf 94' lang='lat'><strong>‚</strong></span> <span class='ocrx_word' id='word_1_40' title='bbox 445 381 568 433; x_wconf 88' lang='lat' dir='ltr'>sudor,</span> <span class='ocrx_word' id='word_1_41' title='bbox 580 382 680 420; x_wconf 79' lang='lat' dir='ltr'>etiam</span> <span class='ocrx_word' id='word_1_42' title='bbox 694 382 759 434; x_wconf 75' lang='lat' dir='ltr'>ipſs·</span> <span class='ocrx_word' id='word_1_43' title='bbox 770 382 969 421; x_wconf 80' lang='lat' dir='ltr'>immodicus</span> <span class='ocrx_word' id='word_1_44' title='bbox 978 397 994 429; x_wconf 86' lang='lat'>,·</span> <span class='ocrx_word' id='word_1_45' title='bbox 1007 380 1087 423; x_wconf 77' lang='lat' dir='ltr'>slve</span> <span class='ocrx_word' id='word_1_46' title='bbox 1101 382 1206 420; x_wconf 84' lang='lat' dir='ltr'>malis</span> <span class='ocrx_word' id='word_1_47' title='bbox 1216 412 1228 427; x_wconf 89' lang='lat'>‚</span> <span class='ocrx_word' id='word_1_48' title='bbox 1244 381 1337 435; x_wconf 65' lang='lat' dir='ltr'>ifique</span> 
     </span>
     <span class='ocr_line' id='line_1_7' title="bbox 60 434 1337 489; baseline 0.002 -16"><span class='ocrx_word' id='word_1_49' title='bbox 60 436 258 474; x_wconf 63' lang='lat' dir='ltr'>immocficus</span> <span class='ocrx_word' id='word_1_50' title='bbox 265 450 282 483; x_wconf 87' lang='lat'>‚·</span> <span class='ocrx_word' id='word_1_51' title='bbox 294 437 398 488; x_wconf 92' lang='lat' dir='ltr'>quod</span> <span class='ocrx_word' id='word_1_52' title='bbox 410 436 550 475; x_wconf 88' lang='lat' dir='ltr'>Latinis</span> <span class='ocrx_word' id='word_1_53' title='bbox 558 448 718 489; x_wconf 88' lang='lat' dir='ltr'>quoque</span> <span class='ocrx_word' id='word_1_54' title='bbox 733 434 985 488; x_wconf 80' lang='lat' dir='ltr'>perfamiliare</span> <span class='ocrx_word' id='word_1_55' title='bbox 998 434 1086 482; x_wconf 84' lang='lat' dir='ltr'>effe,</span> <span class='ocrx_word' id='word_1_56' title='bbox 1099 436 1185 488; x_wconf 83' lang='lat' dir='ltr'>quis</span> <span class='ocrx_word' id='word_1_57' title='bbox 1196 436 1337 476; x_wconf 77' lang='lat' dir='ltr'>nescit?</span> 
     </span>
     <span class='ocr_line' id='line_1_8' title="bbox 59 487 1337 541; baseline 0.002 -13"><span class='ocrx_word' id='word_1_58' title='bbox 59 487 254 529; x_wconf 81' lang='lat' dir='ltr'>Addidiffe</span> <span class='ocrx_word' id='word_1_59' title='bbox 272 501 402 529; x_wconf 88' lang='lat' dir='ltr'>autem</span> <span class='ocrx_word' id='word_1_60' title='bbox 427 489 563 529; x_wconf 84' lang='lat' dir='ltr'>Noster</span> <span class='ocrx_word' id='word_1_61' title='bbox 580 489 643 528; x_wconf 91' lang='lat' dir='ltr'>illa</span> <span class='ocrx_word' id='word_1_62' title='bbox 664 489 831 535; x_wconf 87' lang='lat' dir='ltr'>videtur,</span> <span class='ocrx_word' id='word_1_63' title='bbox 855 501 897 529; x_wconf 89' lang='lat' dir='ltr'>ut</span> <span class='ocrx_word' id='word_1_64' title='bbox 921 502 972 529; x_wconf 91' lang='lat' dir='ltr'>eo</span> <span class='ocrx_word' id='word_1_65' title='bbox 994 489 1114 541; x_wconf 85' lang='lat' dir='ltr'>magis</span> <span class='ocrx_word' id='word_1_66' title='bbox 1137 488 1337 531; x_wconf 64' lang='lat' dir='ltr'>sentire-:mr</span> 
     </span>
     <span class='ocr_line' id='line_1_9' title="bbox 57 541 1337 596; baseline 0 -13"><span class='ocrx_word' id='word_1_67' title='bbox 57 541 260 583; x_wconf 78' lang='lat' dir='ltr'>necestitas</span> <span class='ocrx_word' id='word_1_68' title='bbox 273 543 549 583; x_wconf 71' lang='lat' dir='ltr'>adiefflvorum</span> <span class='ocrx_word' id='word_1_69' title='bbox 564 545 685 582; x_wconf 72' lang='grc' dir='ltr'><strong><em>πολὺς</em></strong></span> <span class='ocrx_word' id='word_1_70' title='bbox 696 543 736 582; x_wconf 85' lang='lat'>&amp;</span> <span class='ocrx_word' id='word_1_71' title='bbox 753 542 875 592; x_wconf 70' lang='grc' dir='ltr'>πολὺ;</span> <span class='ocrx_word' id='word_1_72' title='bbox 890 545 994 596; x_wconf 84' lang='lat' dir='ltr'>quia,</span> <span class='ocrx_word' id='word_1_73' title='bbox 1008 541 1036 581; x_wconf 84' lang='lat' dir='ltr'>s1</span> <span class='ocrx_word' id='word_1_74' title='bbox 1053 555 1171 595; x_wconf 84' lang='lat' dir='ltr'>parva</span> <span class='ocrx_word' id='word_1_75' title='bbox 1186 553 1337 584; x_wconf 86' lang='lat' dir='ltr'>tantum</span> 
     </span>
     <span class='ocr_line' id='line_1_10' title="bbox 60 595 1341 651; baseline 0.001 -15"><span class='ocrx_word' id='word_1_76' title='bbox 60 597 178 650; x_wconf 87' lang='lat' dir='ltr'>copia</span> <span class='ocrx_word' id='word_1_77' title='bbox 190 609 460 637; x_wconf 84' lang='lat' dir='ltr'>excerneretur</span> <span class='ocrx_word' id='word_1_78' title='bbox 472 597 624 651; x_wconf 79' lang='lat' dir='ltr'>sanguis</span> <span class='ocrx_word' id='word_1_79' title='bbox 638 596 702 636; x_wconf 92' lang='lat' dir='ltr'>vel</span> <span class='ocrx_word' id='word_1_80' title='bbox 714 596 844 644; x_wconf 86' lang='lat' dir='ltr'>sudor,</span> <span class='ocrx_word' id='word_1_81' title='bbox 861 610 940 636; x_wconf 88' lang='lat' dir='ltr'>non</span> <span class='ocrx_word' id='word_1_82' title='bbox 954 595 1044 636; x_wconf 79' lang='lat' dir='ltr'>effer</span> <span class='ocrx_word' id='word_1_83' title='bbox 1056 597 1146 648; x_wconf 80' lang='lat' dir='ltr'>crisis</span> <span class='ocrx_word' id='word_1_84' title='bbox 1154 596 1341 649; x_wconf 79' lang='lat' dir='ltr'>salutaris,</span> 
     </span>
     <span class='ocr_line' id='line_1_11' title="bbox 0 651 1339 704; baseline 0.001 -14"><span class='ocrx_word' id='word_1_85' title='bbox 0 663 6 675; x_wconf 95' lang='grc'>·</span> <span class='ocrx_word' id='word_1_86' title='bbox 59 663 108 690; x_wconf 80' lang='lat' dir='ltr'>ut</span> <span class='ocrx_word' id='word_1_87' title='bbox 120 651 264 691; x_wconf 88' lang='lat' dir='ltr'>Medici</span> <span class='ocrx_word' id='word_1_88' title='bbox 279 652 404 698; x_wconf 87' lang='lat' dir='ltr'>aiunt,</span> <span class='ocrx_word' id='word_1_89' title='bbox 418 652 485 704; x_wconf 86' lang='lat' dir='ltr'>qui</span> <span class='ocrx_word' id='word_1_90' title='bbox 502 663 594 690; x_wconf 87' lang='lat' dir='ltr'>vere</span> <span class='ocrx_word' id='word_1_91' title='bbox 609 651 840 704; x_wconf 84' lang='lat' dir='ltr'>praedicant,</span> <span class='ocrx_word' id='word_1_92' title='bbox 852 651 1002 690; x_wconf 84' lang='lat' dir='ltr'>Nullum</span> <span class='ocrx_word' id='word_1_93' title='bbox 1016 651 1165 690; x_wconf 80' lang='lat' dir='ltr'>criticum</span> <span class='ocrx_word' id='word_1_94' title='bbox 1173 667 1339 704; x_wconf 83' lang='lat' dir='ltr'>paucum,</span> 
     </span>
     <span class='ocr_line' id='line_1_12' title="bbox 0 703 1338 758; baseline 0.002 -15"><span class='ocrx_word' id='word_1_95' title='bbox 0 741 5 751; x_wconf 84' lang='grc'>,</span> <span class='ocrx_word' id='word_1_96' title='bbox 55 703 88 743; x_wconf 71' lang='grc' dir='ltr'>-ἰ,</span> <span class='ocrx_word' id='word_1_97' title='bbox 109 716 144 744; x_wconf 88' lang='lat' dir='ltr'>e.</span> <span class='ocrx_word' id='word_1_98' title='bbox 169 703 311 745; x_wconf 91' lang='lat' dir='ltr'>solutio</span> <span class='ocrx_word' id='word_1_99' title='bbox 331 705 456 745; x_wconf 86' lang='lat' dir='ltr'>morbi</span> <span class='ocrx_word' id='word_1_100' title='bbox 474 705 604 744; x_wconf 83' lang='lat' dir='ltr'>critica</span> <span class='ocrx_word' id='word_1_101' title='bbox 626 717 694 758; x_wconf 90' lang='lat' dir='ltr'>per</span> <span class='ocrx_word' id='word_1_102' title='bbox 716 705 958 744; x_wconf 84' lang='lat' dir='ltr'>excretiones</span> <span class='ocrx_word' id='word_1_103' title='bbox 979 704 1099 757; x_wconf 84' lang='lat' dir='ltr'>largas</span> <span class='ocrx_word' id='word_1_104' title='bbox 1118 703 1202 744; x_wconf 66' lang='lat' dir='ltr'>fieti</span> <span class='ocrx_word' id='word_1_105' title='bbox 1219 717 1338 746; x_wconf 88' lang='lat' dir='ltr'>amat.</span> 
     </span>
     <span class='ocr_line' id='line_1_13' title="bbox 57 757 1341 812; baseline 0.002 -14"><span class='ocrx_word' id='word_1_106' title='bbox 57 757 214 799; x_wconf 84' lang='lat' dir='ltr'>Paucae</span> <span class='ocrx_word' id='word_1_107' title='bbox 229 759 329 798; x_wconf 90' lang='lat' dir='ltr'>enim</span> <span class='ocrx_word' id='word_1_108' title='bbox 342 757 531 812; x_wconf 83' lang='lat' dir='ltr'>sanguinis</span> <span class='ocrx_word' id='word_1_109' title='bbox 544 769 675 812; x_wconf 84' lang='lat' dir='ltr'>guttae</span> <span class='ocrx_word' id='word_1_110' title='bbox 687 770 709 798; x_wconf 88' lang='lat' dir='ltr'>e</span> <span class='ocrx_word' id='word_1_111' title='bbox 725 758 880 798; x_wconf 84' lang='lat' dir='ltr'>naribus</span> <span class='ocrx_word' id='word_1_112' title='bbox 893 758 1025 811; x_wconf 86' lang='lat' dir='ltr'>sponte</span> <span class='ocrx_word' id='word_1_113' title='bbox 1044 771 1341 811; x_wconf 85' lang='lat' dir='ltr'>prorumpentes</span> 
     </span>
     <span class='ocr_line' id='line_1_14' title="bbox 0 811 1338 865; baseline 0.002 -14"><span class='ocrx_word' id='word_1_114' title='bbox 0 851 2 862; x_wconf 65' lang='lat'>‚</span> <span class='ocrx_word' id='word_1_115' title='bbox 57 824 143 851; x_wconf 84' lang='lat' dir='ltr'>non</span> <span class='ocrx_word' id='word_1_116' title='bbox 159 811 308 853; x_wconf 81' lang='lat' dir='ltr'>faciunt</span> <span class='ocrx_word' id='word_1_117' title='bbox 319 813 417 864; x_wconf 78' lang='lat' dir='ltr'>crista</span> <span class='ocrx_word' id='word_1_118' title='bbox 426 813 623 865; x_wconf 62' lang='lat' dir='ltr'>persbaam‚</span> <span class='ocrx_word' id='word_1_119' title='bbox 642 812 664 851; x_wconf 85' lang='lat' dir='ltr'>i.</span> <span class='ocrx_word' id='word_1_120' title='bbox 678 824 711 851; x_wconf 90' lang='lat' dir='ltr'>e.</span> <span class='ocrx_word' id='word_1_121' title='bbox 726 825 807 852; x_wconf 91' lang='lat' dir='ltr'>non</span> <span class='ocrx_word' id='word_1_122' title='bbox 822 812 1056 865; x_wconf 86' lang='lat' dir='ltr'>portendunt</span> <span class='ocrx_word' id='word_1_123' title='bbox 1072 811 1231 852; x_wconf 82' lang='lat' dir='ltr'>salutem</span> <span class='ocrx_word' id='word_1_124' title='bbox 1242 843 1257 862; x_wconf 89' lang='lat'>‚</span> <span class='ocrx_word' id='word_1_125' title='bbox 1275 813 1338 854; x_wconf 89' lang='lat' dir='ltr'>sed</span> 
     </span>
     <span class='ocr_line' id='line_1_15' title="bbox 0 865 1101 919; baseline 0.002 -16"><span class='ocrx_word' id='word_1_126' title='bbox 0 896 2 902; x_wconf 74' lang='grc'>,</span> <span class='ocrx_word' id='word_1_127' title='bbox 60 865 211 906; x_wconf 84' lang='lat' dir='ltr'>irritum</span> <span class='ocrx_word' id='word_1_128' title='bbox 224 877 376 906; x_wconf 86' lang='lat' dir='ltr'>tantum</span> <span class='ocrx_word' id='word_1_129' title='bbox 392 868 558 919; x_wconf 75' lang='lat' dir='ltr'>produnt</span> <span class='ocrx_word' id='word_1_130' title='bbox 571 876 732 906; x_wconf 82' lang='lat' dir='ltr'>naturae</span> <span class='ocrx_word' id='word_1_131' title='bbox 749 877 944 906; x_wconf 88' lang='lat' dir='ltr'>conatum.</span> <span class='ocrx_word' id='word_1_132' title='bbox 957 866 1101 906; x_wconf 77' lang='lat' dir='ltr'>Rmz.</span> 
     </span>
    </p>

    <p class='ocr_par' dir='ltr' id='par_1_4' title="bbox 2 918 1340 1662">
     <span class='ocr_line' id='line_1_16' title="bbox 116 918 1335 974; baseline 0.002 -16"><span class='ocrx_word' id='word_1_133' title='bbox 116 922 190 959; x_wconf 85' lang='lat' dir='ltr'>ead.</span> <span class='ocrx_word' id='word_1_134' title='bbox 207 921 232 959; x_wconf 92' lang='lat' dir='ltr'>l.</span> <span class='ocrx_word' id='word_1_135' title='bbox 246 919 350 960; x_wconf 54' lang='lat'><em>8313:</em></span> <span class='ocrx_word' id='word_1_136' title='bbox 370 920 546 974; x_wconf 62' lang='grc' dir='ltr'>γελοῖον)</span> <span class='ocrx_word' id='word_1_137' title='bbox 571 920 669 960; x_wconf 89' lang='lat' dir='ltr'>Mira</span> <span class='ocrx_word' id='word_1_138' title='bbox 691 918 854 974; x_wconf 83' lang='lat' dir='ltr'>phrafis:</span> <span class='ocrx_word' id='word_1_139' title='bbox 878 919 1063 973; x_wconf 82' lang='lat' dir='ltr'>nusquam</span> <span class='ocrx_word' id='word_1_140' title='bbox 1084 920 1186 959; x_wconf 89' lang='lat' dir='ltr'>enim</span> <span class='ocrx_word' id='word_1_141' title='bbox 1202 949 1211 967; x_wconf 87' lang='lat'>,</span> <span class='ocrx_word' id='word_1_142' title='bbox 1228 921 1335 973; x_wconf 89' lang='lat' dir='ltr'>quod</span> 
     </span>
     <span class='ocr_line' id='line_1_17' title="bbox 59 973 1338 1027; baseline 0.001 -14"><span class='ocrx_word' id='word_1_143' title='bbox 59 974 217 1027; x_wconf 87' lang='lat' dir='ltr'>quidem</span> <span class='ocrx_word' id='word_1_144' title='bbox 235 973 350 1014; x_wconf 88' lang='lat' dir='ltr'>sciam</span> <span class='ocrx_word' id='word_1_145' title='bbox 363 1004 375 1022; x_wconf 88' lang='lat'>‚</span> <span class='ocrx_word' id='word_1_146' title='bbox 392 975 541 1014; x_wconf 83' lang='lat' dir='ltr'>additur</span> <span class='ocrx_word' id='word_1_147' title='bbox 555 973 818 1021; x_wconf 84' lang='lat' dir='ltr'>accusativus,</span> <span class='ocrx_word' id='word_1_148' title='bbox 833 985 876 1013; x_wconf 91' lang='lat' dir='ltr'>ut</span> <span class='ocrx_word' id='word_1_149' title='bbox 889 974 950 1014; x_wconf 90' lang='lat' dir='ltr'>hic</span> <span class='ocrx_word' id='word_1_150' title='bbox 964 976 1036 1014; x_wconf 67' lang='grc' dir='ltr'>τὰς</span> <span class='ocrx_word' id='word_1_151' title='bbox 1050 973 1219 1027; x_wconf 72' lang='grc' dir='ltr'><strong><em>-γνώμοις,</em></strong></span> <span class='ocrx_word' id='word_1_152' title='bbox 1233 975 1338 1015; x_wconf 82' lang='lat' dir='ltr'>Vide</span> 
     </span>
     <span class='ocr_line' id='line_1_18' title="bbox 59 1026 1337 1082; baseline 0.002 -16"><span class='ocrx_word' id='word_1_153' title='bbox 59 1026 174 1082; x_wconf 77' lang='grc' dir='ltr'><strong>Ὀρχ.</strong></span> <span class='ocrx_word' id='word_1_154' title='bbox 189 1041 223 1069; x_wconf 93' lang='lat' dir='ltr'>c.</span> <span class='ocrx_word' id='word_1_155' title='bbox 244 1044 293 1078; x_wconf 76' lang='lat'>4,</span> <span class='ocrx_word' id='word_1_156' title='bbox 308 1029 349 1068; x_wconf 88' lang='lat'>&amp;</span> <span class='ocrx_word' id='word_1_157' title='bbox 370 1026 448 1068; x_wconf 76' lang='grc' dir='ltr'><strong><em>Εὖν.</em></strong></span> <span class='ocrx_word' id='word_1_158' title='bbox 473 1041 506 1068; x_wconf 94' lang='lat' dir='ltr'>c.</span> <span class='ocrx_word' id='word_1_159' title='bbox 531 1041 562 1080; x_wconf 90' lang='lat'>5.</span> <span class='ocrx_word' id='word_1_160' title='bbox 576 1028 684 1068; x_wconf 87' lang='lat' dir='ltr'>Adde</span> <span class='ocrx_word' id='word_1_161' title='bbox 704 1028 926 1080; x_wconf 69' lang='lat' dir='ltr'>etiam‘Eppe.</span> <span class='ocrx_word' id='word_1_162' title='bbox 939 1027 1068 1068; x_wconf 85' lang='lat' dir='ltr'>finem.</span> <span class='ocrx_word' id='word_1_163' title='bbox 1084 1028 1241 1068; x_wconf 75' lang='lat' dir='ltr'>SOLAN.</span> <span class='ocrx_word' id='word_1_164' title='bbox 1257 1029 1337 1068; x_wconf 90' lang='lat' dir='ltr'>Ne-</span> 
     </span>
     <span class='ocr_line' id='line_1_19' title="bbox 60 1080 1336 1136; baseline 0.002 -16"><span class='ocrx_word' id='word_1_165' title='bbox 60 1080 161 1130; x_wconf 83' lang='lat' dir='ltr'>scio,</span> <span class='ocrx_word' id='word_1_166' title='bbox 177 1083 268 1136; x_wconf 88' lang='lat' dir='ltr'>quid</span> <span class='ocrx_word' id='word_1_167' title='bbox 287 1083 448 1122; x_wconf 81' lang='lat' dir='ltr'>miretur</span> <span class='ocrx_word' id='word_1_168' title='bbox 460 1082 624 1122; x_wconf 88' lang='lat' dir='ltr'>Solanus</span> <span class='ocrx_word' id='word_1_169' title='bbox 637 1081 786 1134; x_wconf 73' lang='lat' dir='ltr'>phrasin</span> <span class='ocrx_word' id='word_1_170' title='bbox 801 1081 999 1122; x_wconf 83' lang='lat' dir='ltr'>insolitam.</span> <span class='ocrx_word' id='word_1_171' title='bbox 1017 1081 1213 1134; x_wconf 84' lang='lat' dir='ltr'>Significat</span> <span class='ocrx_word' id='word_1_172' title='bbox 1233 1083 1336 1122; x_wconf 91' lang='lat' dir='ltr'>enim</span> 
     </span>
     <span class='ocr_line' id='line_1_20' title="bbox 61 1134 1336 1190; baseline 0.001 -15"><span class='ocrx_word' id='word_1_173' title='bbox 61 1135 125 1176; x_wconf 90' lang='lat' dir='ltr'>hic</span> <span class='ocrx_word' id='word_1_174' title='bbox 137 1135 359 1189; x_wconf 68' lang='grc' dir='ltr'><strong><em>περιίστημι</em></strong></span> <span class='ocrx_word' id='word_1_175' title='bbox 377 1138 487 1190; x_wconf 84' lang='lat' dir='ltr'>redigo</span> <span class='ocrx_word' id='word_1_176' title='bbox 496 1153 513 1184; x_wconf 90' lang='grc'>,-</span> <span class='ocrx_word' id='word_1_177' title='bbox 527 1136 742 1189; x_wconf 84' lang='lat' dir='ltr'>eodemque</span> <span class='ocrx_word' id='word_1_178' title='bbox 761 1134 977 1188; x_wconf 84' lang='lat' dir='ltr'>fignificatu</span> <span class='ocrx_word' id='word_1_179' title='bbox 993 1135 1035 1174; x_wconf 73' lang='grc' dir='ltr'>δι</span> <span class='ocrx_word' id='word_1_180' title='bbox 1048 1135 1336 1176; x_wconf 70' lang='grc' dir='ltr'>εοηίὶτυὲὶίοηε</span> 
     </span>
     <span class='ocr_line' id='line_1_21' title="bbox 59 1189 1335 1242; baseline 0 -12"><span class='ocrx_word' id='word_1_181' title='bbox 59 1190 183 1230; x_wconf 79' lang='lat' dir='ltr'>ntitur</span> <span class='ocrx_word' id='word_1_182' title='bbox 199 1191 411 1230; x_wconf 85' lang='lat' dir='ltr'>Herodian.</span> <span class='ocrx_word' id='word_1_183' title='bbox 427 1190 527 1237; x_wconf 80' lang='lat' dir='ltr'>Vll,</span> <span class='ocrx_word' id='word_1_184' title='bbox 543 1204 580 1242; x_wconf 85' lang='lat'>3,</span> <span class='ocrx_word' id='word_1_185' title='bbox 598 1204 665 1238; x_wconf 89' lang='lat'>12,</span> <span class='ocrx_word' id='word_1_186' title='bbox 685 1189 700 1228; x_wconf 75' lang='grc' dir='ltr'><strong><em>ὃ</em></strong></span> <span class='ocrx_word' id='word_1_187' title='bbox 718 1190 926 1242; x_wconf 70' lang='grc' dir='ltr'><strong><em>Μαξιμῒνος</em></strong></span> <span class='ocrx_word' id='word_1_188' title='bbox 946 1189 1030 1229; x_wconf 84' lang='grc' dir='ltr'><strong><em>τοὺς</em></strong></span> <span class='ocrx_word' id='word_1_189' title='bbox 1044 1190 1249 1230; x_wconf 74' lang='grc' dir='ltr'><strong><em>πλείστους</em></strong></span> <span class='ocrx_word' id='word_1_190' title='bbox 1262 1190 1335 1230; x_wconf 75' lang='grc' dir='ltr'>τῶν</span> 
     </span>
     <span class='ocr_line' id='line_1_22' title="bbox 61 1242 1336 1296; baseline 0.001 -14"><span class='ocrx_word' id='word_1_191' title='bbox 61 1242 219 1295; x_wconf 62' lang='grc' dir='ltr'><em>ἐνὲὂξων</em></span> <span class='ocrx_word' id='word_1_192' title='bbox 229 1243 333 1283; x_wconf 77' lang='grc' dir='ltr'><strong><em>οἴκων</em></strong></span> <span class='ocrx_word' id='word_1_193' title='bbox 342 1245 378 1284; x_wconf 74' lang='grc' dir='ltr'>ἐς</span> <span class='ocrx_word' id='word_1_194' title='bbox 386 1246 514 1285; x_wconf 69' lang='grc' dir='ltr'><em>πενίαν</em></span> <span class='ocrx_word' id='word_1_195' title='bbox 527 1242 775 1296; x_wconf 70' lang='grc' dir='ltr'><strong><em>περιστήσας.</em></strong></span> <span class='ocrx_word' id='word_1_196' title='bbox 783 1244 1059 1284; x_wconf 80' lang='lat' dir='ltr'>Nominativus</span> <span class='ocrx_word' id='word_1_197' title='bbox 1068 1256 1197 1284; x_wconf 82' lang='lat' dir='ltr'>autem</span> <span class='ocrx_word' id='word_1_198' title='bbox 1207 1244 1336 1292; x_wconf 87' lang='lat' dir='ltr'>verbi,</span> 
     </span>
     <span class='ocr_line' id='line_1_23' title="bbox 2 1297 1336 1349; baseline -0.001 -11"><span class='ocrx_word' id='word_1_199' title='bbox 2 1299 3 1302; x_wconf 71' lang='grc'>’</span> <span class='ocrx_word' id='word_1_200' title='bbox 58 1297 140 1338; x_wconf 79' lang='lat' dir='ltr'>hoc</span> <span class='ocrx_word' id='word_1_201' title='bbox 153 1298 312 1338; x_wconf 88' lang='lat' dir='ltr'>Luciani</span> <span class='ocrx_word' id='word_1_202' title='bbox 324 1297 417 1339; x_wconf 92' lang='lat' dir='ltr'>loco</span> <span class='ocrx_word' id='word_1_203' title='bbox 429 1328 441 1347; x_wconf 90' lang='lat'>,</span> <span class='ocrx_word' id='word_1_204' title='bbox 456 1297 510 1338; x_wconf 90' lang='lat' dir='ltr'>est</span> <span class='ocrx_word' id='word_1_205' title='bbox 525 1301 568 1337; x_wconf 70' lang='grc' dir='ltr'>το</span> <span class='ocrx_word' id='word_1_206' title='bbox 584 1297 744 1349; x_wconf 75' lang='grc' dir='ltr'><strong><em>νόσημα.</em></strong></span> <span class='ocrx_word' id='word_1_207' title='bbox 760 1298 842 1338; x_wconf 89' lang='lat' dir='ltr'>Nec</span> <span class='ocrx_word' id='word_1_208' title='bbox 856 1310 1001 1338; x_wconf 86' lang='lat' dir='ltr'>tantum</span> <span class='ocrx_word' id='word_1_209' title='bbox 1015 1298 1157 1338; x_wconf 88' lang='lat' dir='ltr'>abludit</span> <span class='ocrx_word' id='word_1_210' title='bbox 1169 1298 1266 1337; x_wconf 86' lang='lat' dir='ltr'>alter</span> <span class='ocrx_word' id='word_1_211' title='bbox 1279 1298 1336 1337; x_wconf 88' lang='lat' dir='ltr'>lo-</span> 
     </span>
     <span class='ocr_line' id='line_1_24' title="bbox 60 1347 1340 1406; baseline -0.001 -14"><span class='ocrx_word' id='word_1_212' title='bbox 60 1365 132 1392; x_wconf 85' lang='lat' dir='ltr'>cus</span> <span class='ocrx_word' id='word_1_213' title='bbox 145 1351 325 1400; x_wconf 81' lang='lat' dir='ltr'>Luciani,</span> <span class='ocrx_word' id='word_1_214' title='bbox 339 1365 454 1406; x_wconf 85' lang='lat' dir='ltr'>quem</span> <span class='ocrx_word' id='word_1_215' title='bbox 471 1351 551 1404; x_wconf 87' lang='lat' dir='ltr'>ipse·</span> <span class='ocrx_word' id='word_1_216' title='bbox 561 1351 690 1392; x_wconf 87' lang='lat' dir='ltr'>Solan.</span> <span class='ocrx_word' id='word_1_217' title='bbox 705 1352 862 1400; x_wconf 71' lang='lat' dir='ltr'>indicat,</span> <span class='ocrx_word' id='word_1_218' title='bbox 878 1352 1050 1392; x_wconf 85' lang='lat' dir='ltr'>Eunuch.</span> <span class='ocrx_word' id='word_1_219' title='bbox 1066 1365 1097 1392; x_wconf 94' lang='lat' dir='ltr'>c.</span> <span class='ocrx_word' id='word_1_220' title='bbox 1118 1364 1151 1404; x_wconf 86' lang='lat'>5,</span> <span class='ocrx_word' id='word_1_221' title='bbox 1164 1354 1206 1391; x_wconf 68' lang='grc' dir='ltr'>το</span> <span class='ocrx_word' id='word_1_222' title='bbox 1219 1350 1264 1390; x_wconf 57' lang='grc' dir='ltr'>ἑὲ</span> <span class='ocrx_word' id='word_1_223' title='bbox 1279 1347 1340 1391; x_wconf 68' lang='grc' dir='ltr'>οὖν</span> 
     </span>
     <span class='ocr_line' id='line_1_25' title="bbox 62 1404 1336 1460; baseline 0 -15"><span class='ocrx_word' id='word_1_224' title='bbox 62 1410 174 1445; x_wconf 71' lang='grc' dir='ltr'><strong><em>τέλος</em></strong></span> <span class='ocrx_word' id='word_1_225' title='bbox 198 1404 267 1446; x_wconf 78' lang='grc' dir='ltr'><strong><em>τιῖς</em></strong></span> <span class='ocrx_word' id='word_1_226' title='bbox 291 1405 397 1446; x_wconf 65' lang='lat' dir='ltr'>siuns</span> <span class='ocrx_word' id='word_1_227' title='bbox 420 1408 456 1447; x_wconf 83' lang='grc' dir='ltr'>ἐς</span> <span class='ocrx_word' id='word_1_228' title='bbox 479 1405 587 1446; x_wconf 80' lang='grc' dir='ltr'><strong><em>τοῦτο</em></strong></span> <span class='ocrx_word' id='word_1_229' title='bbox 610 1407 802 1457; x_wconf 73' lang='grc' dir='ltr'><em>περιέστη·</em></span> <span class='ocrx_word' id='word_1_230' title='bbox 824 1407 1003 1460; x_wconf 85' lang='lat' dir='ltr'>quamvis</span> <span class='ocrx_word' id='word_1_231' title='bbox 1019 1405 1071 1444; x_wconf 87' lang='lat' dir='ltr'>ibi</span> <span class='ocrx_word' id='word_1_232' title='bbox 1096 1408 1271 1457; x_wconf 78' lang='lat' dir='ltr'>reflexive,</span> <span class='ocrx_word' id='word_1_233' title='bbox 1293 1416 1336 1445; x_wconf 89' lang='lat' dir='ltr'>ut</span> 
     </span>
     <span class='ocr_line' id='line_1_26' title="bbox 63 1459 1336 1514; baseline -0.002 -14"><span class='ocrx_word' id='word_1_234' title='bbox 63 1459 318 1500; x_wconf 82' lang='lat' dir='ltr'>Grammatici</span> <span class='ocrx_word' id='word_1_235' title='bbox 331 1460 459 1509; x_wconf 88' lang='lat' dir='ltr'>aiunt,</span> <span class='ocrx_word' id='word_1_236' title='bbox 474 1470 655 1514; x_wconf 89' lang='lat' dir='ltr'>ponatur,</span> <span class='ocrx_word' id='word_1_237' title='bbox 669 1460 692 1498; x_wconf 89' lang='lat' dir='ltr'>i.</span> <span class='ocrx_word' id='word_1_238' title='bbox 710 1472 745 1499; x_wconf 86' lang='lat' dir='ltr'>e.</span> <span class='ocrx_word' id='word_1_239' title='bbox 758 1460 847 1509; x_wconf 82' lang='lat' dir='ltr'>finis</span> <span class='ocrx_word' id='word_1_240' title='bbox 866 1477 903 1500; x_wconf 83' lang='lat' dir='ltr'>eo</span> <span class='ocrx_word' id='word_1_241' title='bbox 918 1461 1068 1512; x_wconf 81' lang='lat' dir='ltr'>deflexit,</span> <span class='ocrx_word' id='word_1_242' title='bbox 1087 1461 1208 1513; x_wconf 79' lang='lat' dir='ltr'>redegit</span> <span class='ocrx_word' id='word_1_243' title='bbox 1211 1459 1270 1511; x_wconf 75' lang='lat' dir='ltr'>fi,</span> <span class='ocrx_word' id='word_1_244' title='bbox 1287 1459 1336 1498; x_wconf 86' lang='lat' dir='ltr'>fi-</span> 
     </span>
     <span class='ocr_line' id='line_1_27' title="bbox 63 1513 1336 1568; baseline 0 -15"><span class='ocrx_word' id='word_1_245' title='bbox 63 1526 116 1553; x_wconf 82' lang='lat' dir='ltr'>ve</span> <span class='ocrx_word' id='word_1_246' title='bbox 131 1516 280 1554; x_wconf 64' lang='lat' dir='ltr'>redablus</span> <span class='ocrx_word' id='word_1_247' title='bbox 290 1516 344 1568; x_wconf 86' lang='lat' dir='ltr'>est.</span> <span class='ocrx_word' id='word_1_248' title='bbox 366 1516 498 1555; x_wconf 87' lang='lat' dir='ltr'>Veluti</span> <span class='ocrx_word' id='word_1_249' title='bbox 515 1514 634 1554; x_wconf 88' lang='lat' dir='ltr'>Diod.</span> <span class='ocrx_word' id='word_1_250' title='bbox 655 1513 730 1554; x_wconf 67' lang='lat' dir='ltr'>Sic.</span> <span class='ocrx_word' id='word_1_251' title='bbox 746 1514 864 1560; x_wconf 87' lang='lat' dir='ltr'><strong>XIX,</strong></span> <span class='ocrx_word' id='word_1_252' title='bbox 886 1527 970 1567; x_wconf 86' lang='lat' dir='ltr'>pag.</span> <span class='ocrx_word' id='word_1_253' title='bbox 999 1527 1075 1566; x_wconf 88' lang='lat'>297</span> <span class='ocrx_word' id='word_1_254' title='bbox 1101 1515 1159 1553; x_wconf 91' lang='lat' dir='ltr'>ed.</span> <span class='ocrx_word' id='word_1_255' title='bbox 1181 1513 1263 1553; x_wconf 85' lang='lat' dir='ltr'>Bas.</span> <span class='ocrx_word' id='word_1_256' title='bbox 1284 1513 1336 1553; x_wconf 85' lang='grc' dir='ltr'>εἰς</span> 
     </span>
     <span class='ocr_line' id='line_1_28' title="bbox 63 1566 1334 1623; baseline -0.001 -15"><span class='ocrx_word' id='word_1_257' title='bbox 63 1567 304 1608; x_wconf 72' lang='grc' dir='ltr'><strong><em>τηλικούτους</em></strong></span> <span class='ocrx_word' id='word_1_258' title='bbox 317 1570 494 1623; x_wconf 71' lang='grc' dir='ltr'><strong><em>περιέστη</em></strong></span> <span class='ocrx_word' id='word_1_259' title='bbox 508 1566 710 1615; x_wconf 57' lang='grc' dir='ltr'><strong><em>κινδύνους,</em></strong></span> <span class='ocrx_word' id='word_1_260' title='bbox 721 1569 757 1607; x_wconf 84' lang='lat' dir='ltr'>in</span> <span class='ocrx_word' id='word_1_261' title='bbox 771 1579 869 1607; x_wconf 82' lang='lat' dir='ltr'>tanta</span> <span class='ocrx_word' id='word_1_262' title='bbox 877 1569 1028 1621; x_wconf 85' lang='lat' dir='ltr'>pericula</span> <span class='ocrx_word' id='word_1_263' title='bbox 1041 1571 1192 1607; x_wconf 68' lang='lat' dir='ltr'>redaftus</span> <span class='ocrx_word' id='word_1_264' title='bbox 1204 1570 1246 1621; x_wconf 83' lang='lat' dir='ltr'>est</span> <span class='ocrx_word' id='word_1_265' title='bbox 1255 1598 1267 1616; x_wconf 89' lang='lat'>‚</span> <span class='ocrx_word' id='word_1_266' title='bbox 1281 1567 1334 1607; x_wconf 73' lang='grc' dir='ltr'>ἰη-</span> 
     </span>
     <span class='ocr_line' id='line_1_29' title="bbox 61 1622 317 1662; baseline 0 0"><span class='ocrx_word' id='word_1_267' title='bbox 61 1622 156 1662; x_wconf 79' lang='lat' dir='ltr'>cidit.</span> <span class='ocrx_word' id='word_1_268' title='bbox 171 1622 317 1662; x_wconf 78' lang='lat' dir='ltr'>REsz.</span> 
     </span>
    </p>

    <p class='ocr_par' dir='ltr' id='par_1_5' title="bbox 116 1673 1205 1730">
     <span class='ocr_line' id='line_1_30' title="bbox 116 1673 1205 1730; baseline -0.001 -15"><span class='ocrx_word' id='word_1_269' title='bbox 116 1677 196 1716; x_wconf 81' lang='lat' dir='ltr'>ibid.</span> <span class='ocrx_word' id='word_1_270' title='bbox 214 1676 414 1730; x_wconf 63' lang='lat' dir='ltr'>nepa&#39;cw)</span> <span class='ocrx_word' id='word_1_271' title='bbox 425 1674 542 1716; x_wconf 88' lang='lat' dir='ltr'>Conf.</span> <span class='ocrx_word' id='word_1_272' title='bbox 556 1674 666 1728; x_wconf 85' lang='lat' dir='ltr'>supra</span> <span class='ocrx_word' id='word_1_273' title='bbox 679 1676 857 1716; x_wconf 85' lang='lat' dir='ltr'>Hermot.</span> <span class='ocrx_word' id='word_1_274' title='bbox 871 1678 908 1715; x_wconf 88' lang='lat' dir='ltr'>c.&#39;</span> <span class='ocrx_word' id='word_1_275' title='bbox 924 1675 993 1715; x_wconf 89' lang='lat' dir='ltr'>ult.</span> <span class='ocrx_word' id='word_1_276' title='bbox 1005 1673 1032 1715; x_wconf 89' lang='lat' dir='ltr'>f.</span> <span class='ocrx_word' id='word_1_277' title='bbox 1046 1675 1205 1715; x_wconf 77' lang='lat' dir='ltr'>SOLAN.</span> 
     </span>
    </p>

    <p class='ocr_par' dir='ltr' id='par_1_6' title="bbox 61 1729 1337 2104">
     <span class='ocr_line' id='line_1_31' title="bbox 117 1729 1334 1783; baseline -0.002 -13"><span class='ocrx_word' id='word_1_278' title='bbox 117 1732 190 1770; x_wconf 85' lang='lat' dir='ltr'>ead.</span> <span class='ocrx_word' id='word_1_279' title='bbox 202 1731 226 1769; x_wconf 89' lang='lat' dir='ltr'>l.</span> <span class='ocrx_word' id='word_1_280' title='bbox 244 1744 302 1769; x_wconf 89' lang='lat'>11.</span> <span class='ocrx_word' id='word_1_281' title='bbox 321 1729 558 1783; x_wconf 56' lang='grc' dir='ltr'><strong><em>Ἐμονῴθουν)</em></strong></span> <span class='ocrx_word' id='word_1_282' title='bbox 580 1729 738 1771; x_wconf 83' lang='lat' dir='ltr'>Scholia</span> <span class='ocrx_word' id='word_1_283' title='bbox 760 1730 860 1769; x_wconf 87' lang='lat' dir='ltr'>hanc</span> <span class='ocrx_word' id='word_1_284' title='bbox 880 1742 1021 1769; x_wconf 88' lang='lat' dir='ltr'>vocem</span> <span class='ocrx_word' id='word_1_285' title='bbox 1040 1729 1188 1782; x_wconf 87' lang='lat' dir='ltr'>optime</span> <span class='ocrx_word' id='word_1_286' title='bbox 1211 1741 1334 1780; x_wconf 82' lang='lat' dir='ltr'>expo-</span> 
     </span>
     <span class='ocr_line' id='line_1_32' title="bbox 61 1782 1334 1835; baseline -0.002 -11"><span class='ocrx_word' id='word_1_287' title='bbox 61 1796 176 1824; x_wconf 87' lang='lat' dir='ltr'>nunt.</span> <span class='ocrx_word' id='word_1_288' title='bbox 191 1784 300 1823; x_wconf 86' lang='lat' dir='ltr'>Adde</span> <span class='ocrx_word' id='word_1_289' title='bbox 318 1797 353 1824; x_wconf 91' lang='lat' dir='ltr'>c.</span> <span class='ocrx_word' id='word_1_290' title='bbox 370 1798 436 1832; x_wconf 85' lang='lat'>27,</span> <span class='ocrx_word' id='word_1_291' title='bbox 456 1783 497 1823; x_wconf 90' lang='lat'>&amp;</span> <span class='ocrx_word' id='word_1_292' title='bbox 510 1784 642 1824; x_wconf 91' lang='lat' dir='ltr'>locum</span> <span class='ocrx_word' id='word_1_293' title='bbox 663 1785 764 1824; x_wconf 84' lang='lat' dir='ltr'>hunc</span> <span class='ocrx_word' id='word_1_294' title='bbox 778 1783 995 1823; x_wconf 83' lang='lat' dir='ltr'>Philostrati</span> <span class='ocrx_word' id='word_1_295' title='bbox 1014 1784 1051 1821; x_wconf 86' lang='lat' dir='ltr'>in</span> <span class='ocrx_word' id='word_1_296' title='bbox 1066 1782 1234 1822; x_wconf 86' lang='lat' dir='ltr'>Aristide</span> <span class='ocrx_word' id='word_1_297' title='bbox 1249 1795 1334 1835; x_wconf 85' lang='lat' dir='ltr'>pag.</span> 
     </span>
     <span class='ocr_line' id='line_1_33' title="bbox 69 1834 1335 1890; baseline -0.002 -13"><span class='ocrx_word' id='word_1_298' title='bbox 69 1838 160 1889; x_wconf 89' lang='lat'>582,</span> <span class='ocrx_word' id='word_1_299' title='bbox 175 1834 269 1876; x_wconf 73' lang='grc' dir='ltr'><strong><em>οὕτω</em></strong></span> <span class='ocrx_word' id='word_1_300' title='bbox 282 1836 490 1890; x_wconf 66' lang='grc' dir='ltr'><strong><em>ὠλοφύρατο</em></strong></span> <span class='ocrx_word' id='word_1_301' title='bbox 504 1840 594 1890; x_wconf 67' lang='grc' dir='ltr'>πρὸς</span> <span class='ocrx_word' id='word_1_302' title='bbox 607 1839 670 1877; x_wconf 69' lang='grc' dir='ltr'>τὶν</span> <span class='ocrx_word' id='word_1_303' title='bbox 684 1837 839 1890; x_wconf 67' lang='grc' dir='ltr'>Μάρκον,</span> <span class='ocrx_word' id='word_1_304' title='bbox 853 1835 901 1876; x_wconf 82' lang='grc' dir='ltr'>ὦς</span> <span class='ocrx_word' id='word_1_305' title='bbox 916 1836 965 1887; x_wconf 67' lang='grc' dir='ltr'>τῖἱ</span> <span class='ocrx_word' id='word_1_306' title='bbox 975 1836 1042 1887; x_wconf 81' lang='grc' dir='ltr'>μὲν</span> <span class='ocrx_word' id='word_1_307' title='bbox 1055 1835 1151 1886; x_wconf 65' lang='grc' dir='ltr'>ἄλλῃ</span> <span class='ocrx_word' id='word_1_308' title='bbox 1165 1835 1335 1886; x_wconf 58' lang='grc' dir='ltr'>μονῳὸίοι</span> 
     </span>
     <span class='ocr_line' id='line_1_34' title="bbox 63 1890 1333 1944; baseline -0.002 -14"><span class='ocrx_word' id='word_1_309' title='bbox 63 1894 179 1942; x_wconf 54' lang='lat' dir='ltr'>Sala&amp;</span> <span class='ocrx_word' id='word_1_310' title='bbox 193 1891 439 1944; x_wconf 70' lang='grc' dir='ltr'>ἐπιστενάξαι</span> <span class='ocrx_word' id='word_1_311' title='bbox 458 1895 519 1931; x_wconf 65' lang='grc' dir='ltr'>τὴν</span> <span class='ocrx_word' id='word_1_312' title='bbox 534 1891 700 1937; x_wconf 61' lang='grc' dir='ltr'>βασιλέα</span> <span class='ocrx_word' id='word_1_313' title='bbox 714 1891 788 1931; x_wconf 74' lang='grc' dir='ltr'>διε.</span> <span class='ocrx_word' id='word_1_314' title='bbox 808 1891 908 1931; x_wconf 85' lang='lat' dir='ltr'>Vide</span> <span class='ocrx_word' id='word_1_315' title='bbox 931 1890 971 1930; x_wconf 73' lang='grc' dir='ltr'>δι</span> <span class='ocrx_word' id='word_1_316' title='bbox 992 1900 1073 1930; x_wconf 89' lang='lat' dir='ltr'>not.</span> <span class='ocrx_word' id='word_1_317' title='bbox 1098 1891 1143 1929; x_wconf 84' lang='lat' dir='ltr'>ad</span> <span class='ocrx_word' id='word_1_318' title='bbox 1168 1891 1333 1930; x_wconf 86' lang='lat' dir='ltr'>eundem</span> 
     </span>
     <span class='ocr_line' id='line_1_35' title="bbox 65 1942 1337 1999; baseline -0.002 -13"><span class='ocrx_word' id='word_1_319' title='bbox 65 1944 242 1986; x_wconf 84' lang='lat' dir='ltr'>Philostr.</span> <span class='ocrx_word' id='word_1_320' title='bbox 258 1959 296 1999; x_wconf 89' lang='lat' dir='ltr'>p.</span> <span class='ocrx_word' id='word_1_321' title='bbox 311 1945 383 1998; x_wconf 86' lang='lat'>158</span> <span class='ocrx_word' id='word_1_322' title='bbox 393 1977 405 1994; x_wconf 89' lang='lat'><strong>‚</strong></span> <span class='ocrx_word' id='word_1_323' title='bbox 420 1946 459 1985; x_wconf 87' lang='lat'>&amp;</span> <span class='ocrx_word' id='word_1_324' title='bbox 472 1955 622 1985; x_wconf 83' lang='lat' dir='ltr'>textum</span> <span class='ocrx_word' id='word_1_325' title='bbox 635 1944 755 1998; x_wconf 89' lang='lat' dir='ltr'>ipsum</span> <span class='ocrx_word' id='word_1_326' title='bbox 769 1959 804 1998; x_wconf 87' lang='lat' dir='ltr'>p.</span> <span class='ocrx_word' id='word_1_327' title='bbox 817 1946 909 1996; x_wconf 92' lang='lat'>607,</span> <span class='ocrx_word' id='word_1_328' title='bbox 923 1945 990 1984; x_wconf 88' lang='lat' dir='ltr'>ubi</span> <span class='ocrx_word' id='word_1_329' title='bbox 1000 1944 1185 1996; x_wconf 69' lang='grc' dir='ltr'>μ.ονῳὲ“ιόιν</span> <span class='ocrx_word' id='word_1_330' title='bbox 1202 1945 1242 1985; x_wconf 91' lang='lat'>&amp;</span> <span class='ocrx_word' id='word_1_331' title='bbox 1255 1942 1337 1994; x_wconf 65' lang='grc' dir='ltr'>5ρῆ-</span> 
     </span>
     <span class='ocr_line' id='line_1_36' title="bbox 63 1998 1335 2060; baseline -0.002 -20"><span class='ocrx_word' id='word_1_332' title='bbox 63 2014 120 2040; x_wconf 74' lang='grc' dir='ltr'>νον</span> <span class='ocrx_word' id='word_1_333' title='bbox 134 2000 344 2053; x_wconf 87' lang='lat' dir='ltr'>coniungit.</span> <span class='ocrx_word' id='word_1_334' title='bbox 359 1999 423 2039; x_wconf 86' lang='lat' dir='ltr'>De</span> <span class='ocrx_word' id='word_1_335' title='bbox 437 1998 543 2038; x_wconf 88' lang='lat' dir='ltr'>sensu</span> <span class='ocrx_word' id='word_1_336' title='bbox 564 2001 712 2060; x_wconf 64' lang='lat' dir='ltr'>tragico</span> <span class='ocrx_word' id='word_1_337' title='bbox 728 1999 814 2039; x_wconf 91' lang='lat' dir='ltr'>vide</span> <span class='ocrx_word' id='word_1_338' title='bbox 834 1999 998 2039; x_wconf 82' lang='lat' dir='ltr'>eundem</span> <span class='ocrx_word' id='word_1_339' title='bbox 1022 2014 1120 2048; x_wconf 85' lang='lat'><strong>244,</strong></span> <span class='ocrx_word' id='word_1_340' title='bbox 1144 2012 1335 2051; x_wconf 70' lang='grc' dir='ltr'>παραιτη·</span> 
     </span>
     <span class='ocr_line' id='line_1_37' title="bbox 66 2052 889 2104; baseline -0.002 -10"><span class='ocrx_word' id='word_1_341' title='bbox 66 2053 228 2104; x_wconf 74' lang='grc' dir='ltr'><strong><em>σοὶμενος</em></strong></span> <span class='ocrx_word' id='word_1_342' title='bbox 242 2055 284 2093; x_wconf 66' lang='lat' dir='ltr'>‘rb</span> <span class='ocrx_word' id='word_1_343' title='bbox 298 2052 373 2093; x_wconf 72' lang='grc' dir='ltr'>τῶν</span> <span class='ocrx_word' id='word_1_344' title='bbox 386 2052 572 2104; x_wconf 60' lang='grc' dir='ltr'><strong><em>μονῳὲιῶν</em></strong></span> <span class='ocrx_word' id='word_1_345' title='bbox 586 2068 716 2104; x_wconf 77' lang='grc' dir='ltr'><strong><em>μηκας.</em></strong></span> <span class='ocrx_word' id='word_1_346' title='bbox 731 2053 889 2093; x_wconf 75' lang='lat' dir='ltr'>SOLAN.</span> 
     </span>
    </p>

    <p class='ocr_par' dir='ltr' id='par_1_7' title="bbox 66 2103 1338 2432">
     <span class='ocr_line' id='line_1_38' title="bbox 120 2103 1335 2160; baseline -0.002 -14"><span class='ocrx_word' id='word_1_347' title='bbox 120 2108 200 2146; x_wconf 80' lang='lat' dir='ltr'>ibid.</span> <span class='ocrx_word' id='word_1_348' title='bbox 215 2106 330 2147; x_wconf 74' lang='grc' dir='ltr'><strong><em>Ῥιῖο-ιν</em></strong></span> <span class='ocrx_word' id='word_1_349' title='bbox 347 2107 420 2147; x_wconf 89' lang='lat' dir='ltr'>&amp;c.</span> <span class='ocrx_word' id='word_1_350' title='bbox 434 2108 450 2155; x_wconf 86' lang='lat'>)</span> <span class='ocrx_word' id='word_1_351' title='bbox 464 2107 615 2146; x_wconf 87' lang='lat' dir='ltr'>Locum</span> <span class='ocrx_word' id='word_1_352' title='bbox 628 2120 674 2147; x_wconf 81' lang='lat' dir='ltr'>ex</span> <span class='ocrx_word' id='word_1_353' title='bbox 689 2107 822 2160; x_wconf 83' lang='lat' dir='ltr'>aliquo</span> <span class='ocrx_word' id='word_1_354' title='bbox 837 2110 951 2160; x_wconf 74' lang='lat' dir='ltr'>poeta</span> <span class='ocrx_word' id='word_1_355' title='bbox 967 2107 1036 2147; x_wconf 81' lang='lat' dir='ltr'>hac</span> <span class='ocrx_word' id='word_1_356' title='bbox 1053 2119 1153 2146; x_wconf 88' lang='lat' dir='ltr'>voce</span> <span class='ocrx_word' id='word_1_357' title='bbox 1166 2103 1335 2157; x_wconf 75' lang='lat' dir='ltr'>designa-</span> 
     </span>
     <span class='ocr_line' id='line_1_39' title="bbox 66 2159 1337 2214; baseline -0.003 -12"><span class='ocrx_word' id='word_1_358' title='bbox 66 2161 101 2202; x_wconf 84' lang='lat' dir='ltr'>ri</span> <span class='ocrx_word' id='word_1_359' title='bbox 117 2162 252 2202; x_wconf 90' lang='lat' dir='ltr'>docuit</span> <span class='ocrx_word' id='word_1_360' title='bbox 264 2160 429 2202; x_wconf 88' lang='lat' dir='ltr'>Casaub.</span> <span class='ocrx_word' id='word_1_361' title='bbox 443 2162 489 2200; x_wconf 85' lang='lat' dir='ltr'>ad</span> <span class='ocrx_word' id='word_1_362' title='bbox 504 2161 703 2214; x_wconf 86' lang='lat' dir='ltr'>Theophr.</span> <span class='ocrx_word' id='word_1_363' title='bbox 716 2161 828 2201; x_wconf 85' lang='lat' dir='ltr'>Char.</span> <span class='ocrx_word' id='word_1_364' title='bbox 845 2176 880 2214; x_wconf 92' lang='lat' dir='ltr'>p.</span> <span class='ocrx_word' id='word_1_365' title='bbox 897 2160 973 2201; x_wconf 87' lang='lat'>286</span> <span class='ocrx_word' id='word_1_366' title='bbox 983 2192 993 2209; x_wconf 94' lang='lat'>‚</span> <span class='ocrx_word' id='word_1_367' title='bbox 1006 2161 1070 2200; x_wconf 88' lang='lat' dir='ltr'>ubi</span> <span class='ocrx_word' id='word_1_368' title='bbox 1083 2160 1197 2200; x_wconf 85' lang='lat' dir='ltr'>etiam</span> <span class='ocrx_word' id='word_1_369' title='bbox 1210 2159 1337 2199; x_wconf 90' lang='lat' dir='ltr'>obiter</span> 
     </span>
     <span class='ocr_line' id='line_1_40' title="bbox 68 2212 1337 2268; baseline -0.004 -12"><span class='ocrx_word' id='word_1_370' title='bbox 68 2215 262 2268; x_wconf 77' lang='lat' dir='ltr'>Euripidis</span> <span class='ocrx_word' id='word_1_371' title='bbox 272 2217 424 2265; x_wconf 65' lang='grc' dir='ltr'><strong><em>μακρὰς</em></strong></span> <span class='ocrx_word' id='word_1_372' title='bbox 443 2212 562 2267; x_wconf 66' lang='grc' dir='ltr'><strong><em>ῥήσεις</em></strong></span> <span class='ocrx_word' id='word_1_373' title='bbox 584 2227 606 2254; x_wconf 91' lang='lat' dir='ltr'>a</span> <span class='ocrx_word' id='word_1_374' title='bbox 626 2215 818 2255; x_wconf 85' lang='lat' dir='ltr'>veteribus</span> <span class='ocrx_word' id='word_1_375' title='bbox 833 2215 984 2256; x_wconf 84' lang='lat' dir='ltr'>Criticis</span> <span class='ocrx_word' id='word_1_376' title='bbox 1005 2215 1109 2266; x_wconf 83' lang='lat' dir='ltr'>carpi</span> <span class='ocrx_word' id='word_1_377' title='bbox 1132 2215 1195 2252; x_wconf 82' lang='lat' dir='ltr'>ait.</span> <span class='ocrx_word' id='word_1_378' title='bbox 1212 2212 1337 2265; x_wconf 85' lang='lat' dir='ltr'>Quod</span> 
     </span>
     <span class='ocr_line' id='line_1_41' title="bbox 68 2268 1338 2321; baseline -0.004 -11"><span class='ocrx_word' id='word_1_379' title='bbox 68 2280 198 2310; x_wconf 88' lang='lat' dir='ltr'>autem</span> <span class='ocrx_word' id='word_1_380' title='bbox 213 2269 375 2317; x_wconf 86' lang='lat' dir='ltr'>additur,</span> <span class='ocrx_word' id='word_1_381' title='bbox 392 2269 429 2309; x_wconf 80' lang='grc' dir='ltr'>ἐν</span> <span class='ocrx_word' id='word_1_382' title='bbox 449 2269 557 2321; x_wconf 84' lang='grc' dir='ltr'><strong><em>μέλει</em></strong></span> <span class='ocrx_word' id='word_1_383' title='bbox 575 2269 614 2308; x_wconf 60' lang='grc' dir='ltr'>ὃ.</span> <span class='ocrx_word' id='word_1_384' title='bbox 636 2269 674 2308; x_wconf 91' lang='lat' dir='ltr'>in</span> <span class='ocrx_word' id='word_1_385' title='bbox 689 2270 738 2309; x_wconf 90' lang='lat' dir='ltr'>A.</span> <span class='ocrx_word' id='word_1_386' title='bbox 759 2269 798 2309; x_wconf 88' lang='lat' dir='ltr'>P.</span> <span class='ocrx_word' id='word_1_387' title='bbox 815 2269 856 2308; x_wconf 78' lang='grc' dir='ltr'>δι</span> <span class='ocrx_word' id='word_1_388' title='bbox 876 2269 916 2308; x_wconf 90' lang='lat' dir='ltr'>L.</span> <span class='ocrx_word' id='word_1_389' title='bbox 935 2269 1043 2309; x_wconf 85' lang='lat' dir='ltr'>aliter</span> <span class='ocrx_word' id='word_1_390' title='bbox 1057 2268 1208 2321; x_wconf 83' lang='lat' dir='ltr'>legitur,</span> <span class='ocrx_word' id='word_1_391' title='bbox 1228 2279 1338 2306; x_wconf 90' lang='lat' dir='ltr'>nem-</span> 
     </span>
     <span class='ocr_line' id='line_1_42' title="bbox 70 2320 1335 2378; baseline -0.002 -16"><span class='ocrx_word' id='word_1_392' title='bbox 70 2337 118 2377; x_wconf 90' lang='lat' dir='ltr'>pe</span> <span class='ocrx_word' id='word_1_393' title='bbox 129 2354 142 2372; x_wconf 90' lang='lat'>,</span> <span class='ocrx_word' id='word_1_394' title='bbox 158 2323 193 2363; x_wconf 79' lang='grc' dir='ltr'>ἐν</span> <span class='ocrx_word' id='word_1_395' title='bbox 210 2323 310 2376; x_wconf 83' lang='grc' dir='ltr'><strong><em>μέρει</em></strong></span> <span class='ocrx_word' id='word_1_396' title='bbox 323 2323 362 2364; x_wconf 66' lang='lat'>5⁸.</span> <span class='ocrx_word' id='word_1_397' title='bbox 380 2334 425 2363; x_wconf 89' lang='lat' dir='ltr'>ut</span> <span class='ocrx_word' id='word_1_398' title='bbox 437 2329 570 2374; x_wconf 77' lang='grc' dir='ltr'><strong><em>Συμπ.</em></strong></span> <span class='ocrx_word' id='word_1_399' title='bbox 586 2336 667 2378; x_wconf 86' lang='lat' dir='ltr'>cap.</span> <span class='ocrx_word' id='word_1_400' title='bbox 686 2337 745 2375; x_wconf 76' lang='lat'>17,</span> <span class='ocrx_word' id='word_1_401' title='bbox 758 2323 867 2377; x_wconf 91' lang='lat' dir='ltr'>quod</span> <span class='ocrx_word' id='word_1_402' title='bbox 888 2322 1012 2363; x_wconf 82' lang='lat' dir='ltr'>fateor</span> <span class='ocrx_word' id='word_1_403' title='bbox 1025 2335 1086 2362; x_wconf 89' lang='lat' dir='ltr'>me</span> <span class='ocrx_word' id='word_1_404' title='bbox 1101 2335 1182 2362; x_wconf 88' lang='lat' dir='ltr'>non</span> <span class='ocrx_word' id='word_1_405' title='bbox 1200 2320 1335 2361; x_wconf 81' lang='lat' dir='ltr'>intelli-</span> 
     </span>
     <span class='ocr_line' id='line_1_43' title="bbox 69 2376 345 2432; baseline 0 -15"><span class='ocrx_word' id='word_1_406' title='bbox 69 2390 171 2432; x_wconf 86' lang='lat' dir='ltr'>gere.</span> <span class='ocrx_word' id='word_1_407' title='bbox 188 2376 345 2417; x_wconf 68' lang='lat' dir='ltr'>SoLAN.</span> 
     </span>
    </p>

    <p class='ocr_par' dir='ltr' id='par_1_8' title="bbox 86 2430 1099 2536">
     <span class='ocr_line' id='line_1_44' title="bbox 86 2430 1004 2524; baseline -0.003 -51"><span class='ocrx_word' id='word_1_408' title='bbox 86 2461 89 2464; x_wconf 93' lang='lat'>-</span> <span class='ocrx_word' id='word_1_409' title='bbox 126 2433 231 2473; x_wconf 84' lang='lat' dir='ltr'>ead.l.</span> <span class='ocrx_word' id='word_1_410' title='bbox 248 2445 307 2473; x_wconf 84' lang='lat'>12.</span> <span class='ocrx_word' id='word_1_411' title='bbox 320 2431 373 2473; x_wconf 86' lang='grc' dir='ltr'>Ἐν</span> <span class='ocrx_word' id='word_1_412' title='bbox 386 2431 516 2487; x_wconf 80' lang='grc' dir='ltr'>μέλει)</span> <span class='ocrx_word' id='word_1_413' title='bbox 529 2431 642 2486; x_wconf 88' lang='lat' dir='ltr'>Angl.</span> <span class='ocrx_word' id='word_1_414' title='bbox 656 2430 691 2471; x_wconf 75' lang='grc' dir='ltr'>ἐν</span> <span class='ocrx_word' id='word_1_415' title='bbox 701 2431 816 2486; x_wconf 79' lang='grc' dir='ltr'><strong><em>μέρει.</em></strong></span> <span class='ocrx_word' id='word_1_416' title='bbox 830 2431 1004 2524; x_wconf 50' lang='lat' dir='ltr'>Eoum}</span> 
     </span>
     <span class='ocr_line' id='line_1_45' title="bbox 988 2497 1099 2536; baseline 0 -12"><span class='ocrx_word' id='word_1_417' title='bbox 988 2505 1006 2524; x_wconf 75' lang='lat'><em>1</em></span> <span class='ocrx_word' id='word_1_418' title='bbox 1023 2497 1046 2536; x_wconf 77' lang='lat' dir='ltr'>g</span> <span class='ocrx_word' id='word_1_419' title='bbox 1076 2498 1099 2531; x_wconf 84' lang='grc'>4</span> 
     </span>
    </p>
   </div>
  </div>
 </body>
</html>
