1841 3180
423 126 514 190 380
620 126 1494 174 ANNOTATIONES

417 215 460 255 B.
479 214 550 269 198
563 215 613 256 A.
624 216 783 256 SOLAN.
799 216 912 269 Quia
923 214 1062 256 scilicet
1072 217 1292 268 pauloante
1309 216 1504 269 praeceffit
1515 215 1620 257 οὗέέν
1630 231 1690 258 σοι

418 269 589 321 ἀρέσκει,
607 270 694 310 ideo
715 270 755 310 δι
775 270 835 310 hic
854 271 1012 322 ἀρέσειεν
1025 283 1114 309 cum
1131 271 1265 310 dativo
1279 269 1542 310 construGtum
1562 271 1692 312 voluit

419 323 604 372 Solanus3
623 324 683 363 sed
700 325 774 363 hoc
791 337 869 363 non
884 323 969 363 satis
987 323 1041 363 est
1059 323 1194 364 causae
1207 323 1400 377 pristinam
1417 336 1580 377 eamque
1597 338 1693 365 con·
1736 354 1742 357 N
1802 354 1804 358 -
1828 348 1832 353 ·

419 378 578 417 stantem
597 376 803 418 leffionem
816 379 987 417 mutandi
1008 390 1055 416 ex
1077 391 1180 417 mera
1203 378 1447 418 conieEtura:
1471 379 1541 417 vix
1563 390 1692 419 autem

420 432 512 470 mihi
526 431 749 484 persuadeo,
763 444 854 470 eum
870 431 1070 484 ignoraffe,
1082 432 1156 471 hoc
1167 432 1327 471 verbum
1342 433 1457 471 etiam
1472 430 1694 485 frequenter

419 485 681 525 accusativum
699 484 895 538 personae,
910 498 1033 538 aeque
1047 498 1091 525 ac
1105 486 1157 524 rei
1170 517 1180 532 ‚
1195 485 1417 533 adsciscere,
1433 483 1473 524 id
1481 487 1586 538 quod
1607 485 1695 527 satis

422 539 550 579 multis
570 539 643 577 iam
660 539 843 592 probavit
859 539 1073 592 Stephanus
1089 540 1129 579 in
1138 538 1253 579 Thes.
1272 539 1382 579 Adde
1403 552 1475 579 nos
1485 551 1577 580 nota
1594 553 1695 594 pro-,
1750 551 1753 554 ’

422 594 532 631 xima.
556 593 699 632 RErrz.

475 647 570 698 Pag.
583 645 644 685 28.
659 648 682 685 l.
698 661 731 699 3.
741 640 928 699 Ἄμεινον)
940 646 1105 700 Repone
1116 677 1129 693 ,
1143 646 1299 697 ἀμείνων
1317 648 1335 687 ἢ
1349 647 1499 699 χείρων.
1514 647 1655 687 BROD.

476 703 548 738 ead.
562 699 718 739 l.10.'‘Av
730 700 807 748 sih
815 700 850 754 ς)
866 701 982 740 essm
998 701 1148 765 Guyet.
1165 701 1237 740 Sed
1249 701 1323 739 vid.
1339 714 1438 753 quae
1450 701 1561 754 supra
1584 712 1695 741 nota-

421 767 511 793 mus
521 755 567 794 ad
581 768 611 794 c.
626 754 648 793 8
664 754 776 794 huius
791 755 1046 795 Dia1.RE1Tz.
1056 753 1165 794 Ἰἓοις
1175 753 1258 794 Mss.
1272 755 1396 808 Regg.
1410 769 1512 808 2954
1524 756 1562 794 &
1578 768 1647 808 30¹
1661 770 1675 795 1
1685 783 1695 793 .

476 807 568 860 Pag.
585 822 645 860 29.
660 811 683 848 l.
703 823 759 857 14.
775 809 1162 862 ΚΑοιυΘμυριζομένων)
1175 810 1232 849 Μ.
1245 809 1289 848 Ρ.
1305 809 1346 849 &
1362 810 1415 848 A.
1431 808 1474 848 ln
1488 808 1570 848 aliis
1589 822 1699 849 men-

422 861 513 902 <lose
528 862 874 915 κλοιθμυριξομένων.
886 862 1042 902 SOLAN.

477 918 550 955 ead.
566 915 592 956 l.
610 917 669 957 16.
687 916 1037 971 Ἀποσειο-έιμενον)
1058 917 1208 970 Anglic.
1230 916 1548 968 ἀποσεισάμενος,
1570 916 1697 957 mend.

424 969 597 1011 Bounn.

478 1025 572 1076 Pag.
597 1037 658 1078 30.
681 1025 705 1063 l.
727 1024 1084 1077 ι.Ἀποῤῥίψοιντα)
1104 1024 1207 1065 Cum
1227 1023 1391 1065 finxiffet
1409 1024 1701 1072 Hermotimus,

423 1078 621 1118 Virtutem
653 1077 728 1119 effe
760 1078 1006 1119 beatiffimam
1029 1079 1221 1119 civitatem
1238 1108 1250 1126 ‚
1284 1081 1401 1132 inque
1423 1092 1506 1118 eam
1533 1077 1701 1131 rogaffet

424 1145 517 1170 num
538 1144 705 1185 aequum
720 1132 811 1172 effer
821 1163 832 1182 ‚
850 1144 893 1173 ut
905 1146 1040 1173 omnes
1055 1134 1332 1173 contenderent
1343 1163 1354 1181 ‚
1370 1134 1412 1173 δι
1427 1133 1534 1172 cives
1551 1133 1604 1172 ibi
1617 1131 1700 1173 fieri

424 1185 604 1238 gestirent
617 1216 630 1232 ‚
650 1187 810 1226 Maxime
828 1203 926 1233 vero,
947 1186 1149 1239 respondet
1166 1187 1380 1235 Lucianus‚
1398 1203 1435 1226 eo
1457 1183 1700 1239 adspirandum

424 1242 487 1292 est,
502 1241 630 1294 reliqua
653 1253 763 1280 autem
782 1242 894 1281 omnia
917 1242 1113 1294 negligenda
1125 1256 1141 1288 ,⁴
1156 1257 1257 1294 neque
1279 1243 1420 1280 multum
1437 1255 1553 1280 curare
1571 1252 1700 1294 oportet

424 1296 612 1334 retinentem
624 1296 772 1348 patriam
780 1310 797 1342 ,-
813 1311 914 1349 neque
926 1296 1038 1334 liberis
1049 1297 1104 1333 vel
1112 1296 1321 1347 parentibus,
1325 1297 1361 1347 si
1370 1295 1425 1334 cui
1431 1297 1519 1347 fint,
1533 1311 1702 1336 revocan-

424 1350 514 1387 tibus
530 1349 796 1402 eiulantibufque
805 1380 819 1396 ‚
835 1350 924 1402 flefii
943 1350 979 1388 6·
997 1350 1081 1388 verti
1092 1365 1109 1396 ;
1119 1350 1183 1401 sed
1200 1349 1234 1386 δ’
1257 1365 1312 1389 eos
1334 1351 1480 1389 maxime
1498 1351 1548 1388 ad
1561 1353 1699 1389 eandem

425 1404 518 1442 viam
533 1404 664 1442 hortari
674 1405 747 1455 :fin
762 1416 874 1443 autem
889 1404 1017 1452 nolint,
1029 1404 1085 1443 vel
1095 1416 1277 1455 nequeant,
1290 1417 1495 1443 amoventem
1507 1403 1584 1443 illos
1600 1402 1700 1456 (five

426 1457 550 1495 amotis
559 1456 648 1510 illis)
659 1461 741 1496 rebla
752 1460 801 1496 ad
809 1459 955 1511 undique
967 1460 1098 1497 beatam
1110 1459 1204 1497 illam
1217 1460 1328 1497 urbem
1339 1459 1529 1498 contendere
1536 1472 1552 1504 ,·
1569 1459 1650 1511 quin
1664 1458 1700 1497 ὂν

426 1510 537 1564 ipsum
550 1512 753 1551 abiicientem
761 1513 904 1564 pallium
917 1511 1026 1565 (slve
1040 1511 1114 1564 ipso
1127 1513 1248 1551 abieelo
1257 1513 1365 1565 pallio
1375 1512 1392 1565 )
1400 1515 1437 1564 si
1447 1527 1490 1550 eo·
1501 1513 1703 1565 apprehenso

427 1565 895 1620 detinerent,illucfestinare.
908 1567 984 1605 Hic
997 1567 1151 1618 quidem
1170 1566 1339 1606 auetoris
1358 1565 1484 1606 sensus
1494 1565 1566 1605 est:
1581 1565 1642 1606 sed
1660 1567 1701 1606 in

427 1619 590 1659 Graecis
602 1620 746 1673 aliquid
757 1621 809 1660 est
822 1651 833 1668 ,
848 1620 895 1659 ad
908 1621 1014 1673 quod
1026 1619 1209 1660 offendas.
1224 1621 1292 1660 Καὶ
1302 1616 1398 1660 αὐτὸ
1413 1618 1704 1683 ἁπορρίψοιντοος

426 1675 470 1712 τὸ
485 1672 649 1722 ἱμάτιον,
668 1675 696 1714 εἰ
712 1676 846 1713 τούτου
862 1675 1121 1725 ἐπειλημμένοι
1138 1674 1389 1726 κατερύκοιεν,
1402 1676 1601 1723 ἐσσυμενον
1614 1673 1708 1714 ἐκεῖ.

430 1741 475 1766 σε
490 1728 564 1768 &c.
577 1728 616 1768 Si
628 1727 867 1782 sequentium
885 1729 992 1767 iuxta
1006 1729 1047 1767 &
1061 1728 1368 1781 praecedentium
1384 1728 1569 1767 habeatur
1581 1728 1703 1776 ratio,

427 1781 494 1820 vel
514 1794 638 1834 puero
662 1793 790 1834 pateat
803 1782 1004 1836 legendum
1021 1782 1303 1835 ἀπορρίψαντα.
1325 1782 1429 1822 ΙεΝς.
1446 1781 1596 1822 Omnes
1616 1782 1703 1822 libri

427 1835 611 1888 impreffi,
629 1836 762 1890 &ipse
777 1838 832 1876 M.
848 1836 1159 1889 ἀπορρίψαντας,
1182 1835 1372 1877 mendose.
1389 1835 1573 1890 Displicet
1589 1837 1705 1876 etiam

430 1889 570 1941 duplex
585 1890 676 1930 illud
690 1890 818 1930 ἐκεῖσε.
832 1891 991 1931 SOLAN.

484 1944 565 1982 ibid.
582 1944 621 1983 Εἰ
640 1944 773 1984 τούτου
790 1945 1054 1995 ἐπειλημμένοι
1075 1944 1319 1996 κατερύκοιεν,
1337 1943 1538 1994 ἐσσύμενον
1559 1943 1706 1999 ἐκεῖσε)

429 1997 489 2037 Sic
503 1997 732 2040 Benedictus
752 1999 794 2039 ὅ(
814 2000 1100 2039 Bourdelotius.
1121 1997 1351 2039 Basileenses
1366 1998 1394 2038 εἰ
1412 1998 1547 2038 τούτου
1569 2013 1707 2038 κατει-

430 2054 629 2101 λημμένοι,
653 2053 888 2105 κατερύκοιεν
907 2053 1103 2104 ἐσσύμενον
1121 2053 1252 2093 ἐκεῖσε.
1275 2053 1386 2092 Pater
1406 2064 1515 2092 notat
1537 2051 1704 2094 sumtum

429 2119 479 2145 ex
494 2105 652 2145 Ὀἓυσοπ
666 2106 697 2152 ὂ,
708 2107 908 2158 ἐσσύμενον
921 2108 1114 2159 κατερύκει
1126 2137 1136 2155 ,
1152 2107 1193 2148 &
1208 2105 1412 2160 Obsopoe't
1430 2105 1559 2148 verfio
1573 2107 1626 2147 est
1642 2107 1707 2147 fa-

429 2171 508 2199 tua.
526 2159 672 2200 GRON.
685 2161 806 2201 Hom.
819 2161 864 2201 Il.
880 2165 905 2200 Z
916 2192 929 2209 ,
946 2160 1033 2214 518.
1048 2166 1082 2199 Π
1094 2190 1103 2208 ,
1119 2175 1155 2214 9.
1170 2160 1307 2213 Odyff.
1325 2164 1368 2200 Ο.
1383 2161 1637 2202 Homericum
1650 2160 1705 2201 es-

430 2212 489 2261 se,
505 2213 608 2254 τεξὶε
619 2216 771 2255 monuit
782 2215 913 2256 Vorst.
928 2229 1001 2256 nos
1014 2215 1166 2262 locum,
1184 2217 1253 2269 qui
1268 2216 1304 2255 ei
1325 2214 1419 2254 haec
1433 2214 1612 2256 scribenti
1624 2228 1704 2256 non

430 2266 675 2308 succurrebat
686 2299 699 2316 ‚
716 2269 935 2323 addidimus.
950 2270 1108 2310 SOLAN.

486 2324 558 2361 ead.
574 2324 598 2362 l.
615 2336 650 2362 2.
663 2323 908 2377 Ἀποκλείο-ῃ)
924 2325 979 2364 Ut
992 2325 1029 2363 in
1044 2323 1144 2363 Dial.
1163 2323 1298 2364 Meret.
1313 2323 1486 2364 BOURD.
1688 2346 1690 2350 ν

486 2378 559 2415 ead.
571 2377 594 2415 l.
609 2391 642 2430 3.
656 2377 726 2417 Καὶ
738 2378 896 2432 γυμνὸν)
911 2378 979 2418 Καὶ
992 2377 1091 2419 deest
1103 2378 1140 2417 in
1154 2377 1225 2417 Ms.
1239 2378 1278 2416 δι
1293 2377 1408 2430 Angl.
1420 2376 1518 2417 Cod.
1530 2377 1703 2418 BOURD.

487 2432 559 2468 ead.
575 2431 599 2472 l.
612 2445 653 2484 7.
668 2432 881 2485 Φροιτρίοις)
903 2433 1035 2473 Curiae.
1056 2432 1222 2485 Φροιτρίοι
1239 2431 1288 2473 se‘
1301 2431 1382 2473 ἐστι
1397 2432 1440 2471 ‘rb
1459 2431 1578 2486 τρίτον
1595 2432 1704 2485 μέρος
