<?xml version="1.0" encoding="UTF-8"?>
<!DOCTYPE html PUBLIC "-//W3C//DTD XHTML 1.0 Transitional//EN"
    "http://www.w3.org/TR/xhtml1/DTD/xhtml1-transitional.dtd">
<html xmlns="http://www.w3.org/1999/xhtml" xml:lang="en" lang="en">
 <head>
  <title>
</title>
<meta http-equiv="Content-Type" content="text/html;charset=utf-8" />
  <meta name='ocr-system' content='tesseract 3.04.00' />
  <meta name='ocr-capabilities' content='ocr_page ocr_carea ocr_par ocr_line ocrx_word'/>
</head>
<body>
  <div class='ocr_page' id='page_1' title='image "./operagraeceetlat04luciuoft/operagraeceetlat04luciuoft_0545.png"; bbox 0 0 1768 3185; ppageno 0'>
   <div class='ocr_carea' id='block_1_1' title="bbox 132 236 1325 320">
    <p class='ocr_par' dir='ltr' id='par_1_1' title="bbox 132 236 1325 320">
     <span class='ocr_line' id='line_1_1' title="bbox 132 236 1325 320; baseline 0.002 -23"><span class='ocrx_word' id='word_1_1' title='bbox 132 251 204 297; x_wconf 83' lang='lat' dir='ltr'>IN</span> <span class='ocrx_word' id='word_1_2' title='bbox 223 251 568 320; x_wconf 75' lang='lat' dir='ltr'>QUOMODO</span> <span class='ocrx_word' id='word_1_3' title='bbox 595 236 756 297; x_wconf 74' lang='lat' dir='ltr'>HIS&#39;T.</span> <span class='ocrx_word' id='word_1_4' title='bbox 776 249 876 296; x_wconf 79' lang='lat' dir='ltr'>slT</span> <span class='ocrx_word' id='word_1_5' title='bbox 898 248 1160 297; x_wconf 60' lang='lat' dir='ltr'>coxscR.</span> <span class='ocrx_word' id='word_1_6' title='bbox 1234 267 1325 316; x_wconf 82' lang='lat'>537</span> 
     </span>
    </p>
   </div>
   <div class='ocr_carea' id='block_1_2' title="bbox 35 334 1330 2609">
    <p class='ocr_par' dir='ltr' id='par_1_2' title="bbox 36 334 1330 1416">
     <span class='ocr_line' id='line_1_2' title="bbox 39 334 1327 392; baseline 0 -14"><span class='ocrx_word' id='word_1_7' title='bbox 39 337 285 384; x_wconf 67' lang='grc' dir='ltr'>εοηὶεᾶιιη,</span> <span class='ocrx_word' id='word_1_8' title='bbox 306 337 418 376; x_wconf 85' lang='lat' dir='ltr'>aliam</span> <span class='ocrx_word' id='word_1_9' title='bbox 433 338 576 390; x_wconf 82' lang='lat' dir='ltr'>accipe.</span> <span class='ocrx_word' id='word_1_10' title='bbox 600 337 705 390; x_wconf 80' lang='lat' dir='ltr'>Lege</span> <span class='ocrx_word' id='word_1_11' title='bbox 719 335 845 389; x_wconf 63' lang='grc' dir='ltr'><em>ὥσπερ</em></span> <span class='ocrx_word' id='word_1_12' title='bbox 859 335 936 376; x_wconf 80' lang='grc' dir='ltr'><em>τοῖς</em></span> <span class='ocrx_word' id='word_1_13' title='bbox 949 334 1111 389; x_wconf 72' lang='grc' dir='ltr'>ῥήτορσιν</span> <span class='ocrx_word' id='word_1_14' title='bbox 1123 338 1141 378; x_wconf 68' lang='grc' dir='ltr'>ῐὶ</span> <span class='ocrx_word' id='word_1_15' title='bbox 1155 340 1327 392; x_wconf 61' lang='grc' dir='ltr'>γραοεύε</span> 
     </span>
     <span class='ocr_line' id='line_1_3' title="bbox 41 390 1323 445; baseline 0.001 -13"><span class='ocrx_word' id='word_1_16' title='bbox 41 405 112 432; x_wconf 76' lang='grc' dir='ltr'>σιν·</span> <span class='ocrx_word' id='word_1_17' title='bbox 127 390 355 432; x_wconf 74' lang='lat' dir='ltr'>&amp;excidiffe</span> <span class='ocrx_word' id='word_1_18' title='bbox 367 403 460 445; x_wconf 84' lang='lat' dir='ltr'>puta</span> <span class='ocrx_word' id='word_1_19' title='bbox 480 392 645 431; x_wconf 86' lang='lat' dir='ltr'>verbum</span> <span class='ocrx_word' id='word_1_20' title='bbox 668 393 704 431; x_wconf 92' lang='lat' dir='ltr'>in</span> <span class='ocrx_word' id='word_1_21' title='bbox 724 392 826 431; x_wconf 90' lang='lat' dir='ltr'>hunc</span> <span class='ocrx_word' id='word_1_22' title='bbox 848 390 1015 438; x_wconf 75' lang='lat' dir='ltr'>sensum,</span> <span class='ocrx_word' id='word_1_23' title='bbox 1035 392 1111 430; x_wconf 84' lang='lat' dir='ltr'>licet</span> <span class='ocrx_word' id='word_1_24' title='bbox 1123 406 1184 430; x_wconf 82' lang='lat' dir='ltr'>aut</span> <span class='ocrx_word' id='word_1_25' title='bbox 1199 397 1323 433; x_wconf 73' lang='lat' dir='ltr'>demere</span> 
     </span>
     <span class='ocr_line' id='line_1_4' title="bbox 39 446 1322 500; baseline 0.002 -16"><span class='ocrx_word' id='word_1_26' title='bbox 39 447 82 484; x_wconf 84' lang='lat' dir='ltr'>de</span> <span class='ocrx_word' id='word_1_27' title='bbox 90 447 195 492; x_wconf 81' lang='lat' dir='ltr'>veris,</span> <span class='ocrx_word' id='word_1_28' title='bbox 208 448 409 486; x_wconf 73' lang='lat' dir='ltr'>autaddere.</span> <span class='ocrx_word' id='word_1_29' title='bbox 432 446 529 486; x_wconf 89' lang='lat' dir='ltr'>Mihi</span> <span class='ocrx_word' id='word_1_30' title='bbox 542 447 664 498; x_wconf 82' lang='lat' dir='ltr'>magis</span> <span class='ocrx_word' id='word_1_31' title='bbox 683 446 809 499; x_wconf 90' lang='lat' dir='ltr'>placet</span> <span class='ocrx_word' id='word_1_32' title='bbox 824 446 1046 486; x_wconf 65' lang='lat' dir='ltr'>conieetura</span> <span class='ocrx_word' id='word_1_33' title='bbox 1062 446 1179 499; x_wconf 80' lang='lat' dir='ltr'>prior,</span> <span class='ocrx_word' id='word_1_34' title='bbox 1205 461 1322 500; x_wconf 81' lang='lat' dir='ltr'>atque</span> 
     </span>
     <span class='ocr_line' id='line_1_5' title="bbox 39 496 1323 554; baseline 0.002 -16"><span class='ocrx_word' id='word_1_35' title='bbox 39 499 139 539; x_wconf 83' lang='lat' dir='ltr'>adeo</span> <span class='ocrx_word' id='word_1_36' title='bbox 150 499 203 539; x_wconf 86' lang='lat' dir='ltr'>fic</span> <span class='ocrx_word' id='word_1_37' title='bbox 215 499 304 552; x_wconf 82' lang='lat' dir='ltr'>lego</span> <span class='ocrx_word' id='word_1_38' title='bbox 315 530 326 546; x_wconf 94' lang='lat'><strong>,</strong></span> <span class='ocrx_word' id='word_1_39' title='bbox 347 502 452 539; x_wconf 65' lang='grc' dir='ltr'>κατὰ</span> <span class='ocrx_word' id='word_1_40' title='bbox 464 503 520 539; x_wconf 70' lang='grc' dir='ltr'>τὰ</span> <span class='ocrx_word' id='word_1_41' title='bbox 544 496 652 538; x_wconf 72' lang='grc' dir='ltr'>αῦτὲι</span> <span class='ocrx_word' id='word_1_42' title='bbox 671 499 748 539; x_wconf 80' lang='grc' dir='ltr'><em>τοῖς</em></span> <span class='ocrx_word' id='word_1_43' title='bbox 760 500 791 552; x_wconf 87' lang='grc' dir='ltr'>ῥ.</span> <span class='ocrx_word' id='word_1_44' title='bbox 807 515 868 553; x_wconf 55' lang='grc' dir='ltr'>γρ.</span> <span class='ocrx_word' id='word_1_45' title='bbox 881 500 969 539; x_wconf 91' lang='lat' dir='ltr'>Vid.</span> <span class='ocrx_word' id='word_1_46' title='bbox 985 504 1050 552; x_wconf 74' lang='grc' dir='ltr'>Πρ.</span> <span class='ocrx_word' id='word_1_47' title='bbox 1066 512 1104 538; x_wconf 67' lang='grc' dir='ltr'>λ.</span> <span class='ocrx_word' id='word_1_48' title='bbox 1117 513 1198 554; x_wconf 87' lang='lat' dir='ltr'>cap.</span> <span class='ocrx_word' id='word_1_49' title='bbox 1220 516 1240 540; x_wconf 89' lang='lat'>2</span> <span class='ocrx_word' id='word_1_50' title='bbox 1252 531 1265 547; x_wconf 91' lang='lat'>‚</span> <span class='ocrx_word' id='word_1_51' title='bbox 1279 503 1323 541; x_wconf 84' lang='lat'>&amp;</span> 
     </span>
     <span class='ocr_line' id='line_1_6' title="bbox 39 551 1320 608; baseline 0 -14"><span class='ocrx_word' id='word_1_52' title='bbox 39 552 185 606; x_wconf 80' lang='lat' dir='ltr'>paffim.</span> <span class='ocrx_word' id='word_1_53' title='bbox 200 552 360 593; x_wconf 75' lang='lat' dir='ltr'>SOLAN.</span> <span class='ocrx_word' id='word_1_54' title='bbox 377 556 489 594; x_wconf 68' lang='grc' dir='ltr'>Κατὰ</span> <span class='ocrx_word' id='word_1_55' title='bbox 502 556 555 592; x_wconf 78' lang='grc' dir='ltr'>τὲι</span> <span class='ocrx_word' id='word_1_56' title='bbox 568 551 671 592; x_wconf 67' lang='grc' dir='ltr'><strong><em>αὐτὰ,</em></strong></span> <span class='ocrx_word' id='word_1_57' title='bbox 687 553 749 594; x_wconf 92' lang='lat' dir='ltr'>hic</span> <span class='ocrx_word' id='word_1_58' title='bbox 760 554 867 593; x_wconf 87' lang='lat' dir='ltr'>inseri</span> <span class='ocrx_word' id='word_1_59' title='bbox 885 554 1011 594; x_wconf 87' lang='lat' dir='ltr'>voluit</span> <span class='ocrx_word' id='word_1_60' title='bbox 1025 553 1189 594; x_wconf 87' lang='lat' dir='ltr'>Solanus</span> <span class='ocrx_word' id='word_1_61' title='bbox 1200 585 1212 601; x_wconf 86' lang='lat'><strong><em>,</em></strong></span> <span class='ocrx_word' id='word_1_62' title='bbox 1227 556 1320 608; x_wconf 84' lang='lat' dir='ltr'>quia</span> 
     </span>
     <span class='ocr_line' id='line_1_7' title="bbox 36 607 1330 661; baseline -0.002 -13"><span class='ocrx_word' id='word_1_63' title='bbox 36 607 80 648; x_wconf 86' lang='lat' dir='ltr'>in</span> <span class='ocrx_word' id='word_1_64' title='bbox 94 607 286 648; x_wconf 88' lang='lat' dir='ltr'>Prometh.</span> <span class='ocrx_word' id='word_1_65' title='bbox 302 607 318 657; x_wconf 87' lang='lat'>§</span> <span class='ocrx_word' id='word_1_66' title='bbox 335 623 355 647; x_wconf 88' lang='lat'>2</span> <span class='ocrx_word' id='word_1_67' title='bbox 367 637 378 653; x_wconf 90' lang='lat'>,</span> <span class='ocrx_word' id='word_1_68' title='bbox 398 607 440 647; x_wconf 86' lang='lat'>&amp;</span> <span class='ocrx_word' id='word_1_69' title='bbox 461 607 576 653; x_wconf 84' lang='lat' dir='ltr'>alibi,</span> <span class='ocrx_word' id='word_1_70' title='bbox 592 607 671 647; x_wconf 84' lang='lat' dir='ltr'>fere</span> <span class='ocrx_word' id='word_1_71' title='bbox 684 607 734 648; x_wconf 86' lang='lat' dir='ltr'>s1c</span> <span class='ocrx_word' id='word_1_72' title='bbox 752 609 931 648; x_wconf 89' lang='lat' dir='ltr'>occurrit.</span> <span class='ocrx_word' id='word_1_73' title='bbox 945 608 1090 647; x_wconf 65' lang='lat' dir='ltr'>Rau-z.</span> <span class='ocrx_word' id='word_1_74' title='bbox 1103 608 1183 648; x_wconf 80' lang='grc' dir='ltr'><strong><em>Τοῖς</em></strong></span> <span class='ocrx_word' id='word_1_75' title='bbox 1197 608 1330 661; x_wconf 69' lang='grc' dir='ltr'>ῥήτορ-Ι</span> 
     </span>
     <span class='ocr_line' id='line_1_8' title="bbox 39 660 1323 715; baseline 0.002 -15"><span class='ocrx_word' id='word_1_76' title='bbox 39 675 97 700; x_wconf 76' lang='grc' dir='ltr'>σιν</span> <span class='ocrx_word' id='word_1_77' title='bbox 114 661 278 715; x_wconf 61' lang='grc' dir='ltr'>γράφειν</span> <span class='ocrx_word' id='word_1_78' title='bbox 293 660 347 701; x_wconf 90' lang='lat' dir='ltr'>est</span> <span class='ocrx_word' id='word_1_79' title='bbox 362 660 430 701; x_wconf 90' lang='lat' dir='ltr'>sub</span> <span class='ocrx_word' id='word_1_80' title='bbox 450 662 629 714; x_wconf 83' lang='lat' dir='ltr'>magistro</span> <span class='ocrx_word' id='word_1_81' title='bbox 641 661 884 714; x_wconf 80' lang='lat' dir='ltr'>eloquentiae</span> <span class='ocrx_word' id='word_1_82' title='bbox 900 661 981 702; x_wconf 82' lang='lat' dir='ltr'>five</span> <span class='ocrx_word' id='word_1_83' title='bbox 1000 663 1156 703; x_wconf 85' lang='lat' dir='ltr'>rhetore</span> <span class='ocrx_word' id='word_1_84' title='bbox 1177 664 1323 703; x_wconf 82' lang='lat' dir='ltr'>exerci-</span> 
     </span>
     <span class='ocr_line' id='line_1_9' title="bbox 39 714 1322 770; baseline 0.002 -16"><span class='ocrx_word' id='word_1_85' title='bbox 39 715 197 755; x_wconf 80' lang='lat' dir='ltr'>tationis</span> <span class='ocrx_word' id='word_1_86' title='bbox 212 714 327 756; x_wconf 86' lang='lat' dir='ltr'>causa</span> <span class='ocrx_word' id='word_1_87' title='bbox 338 714 504 756; x_wconf 83' lang='lat' dir='ltr'>scribere</span> <span class='ocrx_word' id='word_1_88' title='bbox 516 746 527 762; x_wconf 84' lang='lat'>‚</span> <span class='ocrx_word' id='word_1_89' title='bbox 548 716 603 755; x_wconf 86' lang='lat' dir='ltr'>uti</span> <span class='ocrx_word' id='word_1_90' title='bbox 625 715 665 760; x_wconf 74' lang='grc' dir='ltr'>δι</span> <span class='ocrx_word' id='word_1_91' title='bbox 680 715 797 769; x_wconf 79' lang='lat' dir='ltr'>ipsam</span> <span class='ocrx_word' id='word_1_92' title='bbox 811 715 970 769; x_wconf 85' lang='lat' dir='ltr'>speciem</span> <span class='ocrx_word' id='word_1_93' title='bbox 985 747 996 765; x_wconf 94' lang='lat'>,</span> <span class='ocrx_word' id='word_1_94' title='bbox 1011 716 1052 755; x_wconf 69' lang='grc' dir='ltr'>δε</span> <span class='ocrx_word' id='word_1_95' title='bbox 1063 717 1185 756; x_wconf 87' lang='lat' dir='ltr'>verba</span> <span class='ocrx_word' id='word_1_96' title='bbox 1199 716 1322 770; x_wconf 83' lang='lat' dir='ltr'>finge-</span> 
     </span>
     <span class='ocr_line' id='line_1_10' title="bbox 39 768 1321 824; baseline 0.002 -16"><span class='ocrx_word' id='word_1_97' title='bbox 39 781 88 808; x_wconf 53' lang='lat' dir='ltr'>re&gt;</span> <span class='ocrx_word' id='word_1_98' title='bbox 98 782 180 809; x_wconf 90' lang='lat' dir='ltr'>non</span> <span class='ocrx_word' id='word_1_99' title='bbox 193 768 280 810; x_wconf 88' lang='lat' dir='ltr'>licet</span> <span class='ocrx_word' id='word_1_100' title='bbox 293 771 427 816; x_wconf 90' lang='lat' dir='ltr'>modo,</span> <span class='ocrx_word' id='word_1_101' title='bbox 443 769 504 810; x_wconf 91' lang='lat' dir='ltr'>sed</span> <span class='ocrx_word' id='word_1_102' title='bbox 517 781 685 823; x_wconf 87' lang='lat' dir='ltr'>oportet.</span> <span class='ocrx_word' id='word_1_103' title='bbox 702 770 789 809; x_wconf 88' lang='lat' dir='ltr'>Alia</span> <span class='ocrx_word' id='word_1_104' title='bbox 801 770 969 810; x_wconf 87' lang='lat' dir='ltr'>historici</span> <span class='ocrx_word' id='word_1_105' title='bbox 982 771 1094 810; x_wconf 90' lang='lat' dir='ltr'>ratio.</span> <span class='ocrx_word' id='word_1_106' title='bbox 1110 770 1208 810; x_wconf 88' lang='lat' dir='ltr'>Illud</span> <span class='ocrx_word' id='word_1_107' title='bbox 1221 771 1321 824; x_wconf 70' lang='grc' dir='ltr'>’γρίι-</span> 
     </span>
     <span class='ocr_line' id='line_1_11' title="bbox 39 823 1320 877; baseline 0.005 -17"><span class='ocrx_word' id='word_1_108' title='bbox 39 836 148 870; x_wconf 76' lang='grc' dir='ltr'>φουσι</span> <span class='ocrx_word' id='word_1_109' title='bbox 169 823 294 877; x_wconf 88' lang='lat' dir='ltr'>potest</span> <span class='ocrx_word' id='word_1_110' title='bbox 308 824 473 876; x_wconf 80' lang='lat' dir='ltr'>aliquem</span> <span class='ocrx_word' id='word_1_111' title='bbox 498 824 675 873; x_wconf 82' lang='lat' dir='ltr'>turbare,</span> <span class='ocrx_word' id='word_1_112' title='bbox 697 825 786 877; x_wconf 83' lang='lat' dir='ltr'>quia</span> <span class='ocrx_word' id='word_1_113' title='bbox 810 825 935 863; x_wconf 84' lang='lat' dir='ltr'>adhuc</span> <span class='ocrx_word' id='word_1_114' title='bbox 956 823 1131 877; x_wconf 84' lang='lat' dir='ltr'>fingulari</span> <span class='ocrx_word' id='word_1_115' title='bbox 1153 837 1320 866; x_wconf 84' lang='lat' dir='ltr'>numero</span> 
     </span>
     <span class='ocr_line' id='line_1_12' title="bbox 38 877 1319 931; baseline 0.002 -15"><span class='ocrx_word' id='word_1_116' title='bbox 38 877 87 917; x_wconf 83' lang='lat' dir='ltr'>de</span> <span class='ocrx_word' id='word_1_117' title='bbox 99 884 150 918; x_wconf 81' lang='lat' dir='ltr'>eo</span> <span class='ocrx_word' id='word_1_118' title='bbox 161 907 172 924; x_wconf 94' lang='lat'>‚</span> <span class='ocrx_word' id='word_1_119' title='bbox 187 891 304 931; x_wconf 88' lang='lat' dir='ltr'>quem</span> <span class='ocrx_word' id='word_1_120' title='bbox 318 877 460 917; x_wconf 87' lang='lat' dir='ltr'>format</span> <span class='ocrx_word' id='word_1_121' title='bbox 471 909 482 924; x_wconf 93' lang='lat'><em>‚</em></span> <span class='ocrx_word' id='word_1_122' title='bbox 500 877 681 918; x_wconf 85' lang='lat' dir='ltr'>historico</span> <span class='ocrx_word' id='word_1_123' title='bbox 693 879 783 931; x_wconf 84' lang='lat' dir='ltr'>egit.</span> <span class='ocrx_word' id='word_1_124' title='bbox 799 877 927 920; x_wconf 63' lang='lat' dir='ltr'>Gesx.</span> <span class='ocrx_word' id='word_1_125' title='bbox 946 878 1006 919; x_wconf 92' lang='lat' dir='ltr'>Cl.</span> <span class='ocrx_word' id='word_1_126' title='bbox 1028 879 1108 917; x_wconf 89' lang='lat' dir='ltr'>Bel.</span> <span class='ocrx_word' id='word_1_127' title='bbox 1122 879 1166 918; x_wconf 87' lang='lat' dir='ltr'>de</span> <span class='ocrx_word' id='word_1_128' title='bbox 1181 880 1289 919; x_wconf 84' lang='lat' dir='ltr'>Ballu</span> <span class='ocrx_word' id='word_1_129' title='bbox 1304 909 1319 927; x_wconf 84' lang='lat'><em>,</em></span> 
     </span>
     <span class='ocr_line' id='line_1_13' title="bbox 38 931 1320 986; baseline 0.001 -15"><span class='ocrx_word' id='word_1_130' title='bbox 38 943 218 980; x_wconf 85' lang='lat' dir='ltr'>vertens,</span> <span class='ocrx_word' id='word_1_131' title='bbox 238 943 299 971; x_wconf 82' lang='lat' dir='ltr'>&#39;car</span> <span class='ocrx_word' id='word_1_132' title='bbox 316 933 496 986; x_wconf 77' lang='lat' dir='ltr'>l’lzistort&#39;en</span> <span class='ocrx_word' id='word_1_133' title='bbox 510 948 550 971; x_wconf 84' lang='lat' dir='ltr'>ne</span> <span class='ocrx_word' id='word_1_134' title='bbox 567 931 717 985; x_wconf 85' lang='lat' dir='ltr'>compose</span> <span class='ocrx_word' id='word_1_135' title='bbox 727 933 826 984; x_wconf 81' lang='lat' dir='ltr'>point</span> <span class='ocrx_word' id='word_1_136' title='bbox 843 948 965 972; x_wconf 82' lang='lat' dir='ltr'>comme</span> <span class='ocrx_word' id='word_1_137' title='bbox 982 947 1025 971; x_wconf 83' lang='lat' dir='ltr'>on</span> <span class='ocrx_word' id='word_1_138' title='bbox 1044 933 1072 970; x_wconf 83' lang='lat' dir='ltr'>le</span> <span class='ocrx_word' id='word_1_139' title='bbox 1079 932 1155 983; x_wconf 57' lang='lat' dir='ltr'>fixit</span> <span class='ocrx_word' id='word_1_140' title='bbox 1170 936 1256 972; x_wconf 78' lang='lat' dir='ltr'>dans</span> <span class='ocrx_word' id='word_1_141' title='bbox 1272 934 1320 973; x_wconf 76' lang='lat' dir='ltr'>les</span> 
     </span>
     <span class='ocr_line' id='line_1_14' title="bbox 38 983 1320 1040; baseline 0.002 -15"><span class='ocrx_word' id='word_1_142' title='bbox 38 986 144 1025; x_wconf 79' lang='lat' dir='ltr'>e&#39;coles</span> <span class='ocrx_word' id='word_1_143' title='bbox 155 989 213 1024; x_wconf 86' lang='lat' dir='ltr'>des</span> <span class='ocrx_word' id='word_1_144' title='bbox 224 987 386 1036; x_wconf 61' lang='lat' dir='ltr'>rheteum,</span> <span class='ocrx_word' id='word_1_145' title='bbox 405 986 478 1040; x_wconf 80' lang='lat' dir='ltr'>pro</span> <span class='ocrx_word' id='word_1_146' title='bbox 499 983 624 1038; x_wconf 62' lang='grc' dir='ltr'>ὥσπερ</span> <span class='ocrx_word' id='word_1_147' title='bbox 640 988 729 1040; x_wconf 86' lang='lat' dir='ltr'>legit</span> <span class='ocrx_word' id='word_1_148' title='bbox 745 984 791 1025; x_wconf 74' lang='grc' dir='ltr'>ὡς</span> <span class='ocrx_word' id='word_1_149' title='bbox 804 987 923 1039; x_wconf 55' lang='grc' dir='ltr'>πειραὶ.</span> <span class='ocrx_word' id='word_1_150' title='bbox 939 984 1095 1025; x_wconf 76' lang='lat' dir='ltr'>Idem&#39;in</span> <span class='ocrx_word' id='word_1_151' title='bbox 1109 986 1320 1027; x_wconf 64' lang='lat' dir='ltr'>Aniniadv.</span> 
     </span>
     <span class='ocr_line' id='line_1_15' title="bbox 39 1038 1319 1093; baseline 0.002 -14"><span class='ocrx_word' id='word_1_152' title='bbox 39 1040 90 1079; x_wconf 85' lang='lat' dir='ltr'>ad</span> <span class='ocrx_word' id='word_1_153' title='bbox 104 1038 273 1093; x_wconf 90' lang='lat' dir='ltr'>Oppian.</span> <span class='ocrx_word' id='word_1_154' title='bbox 288 1040 396 1080; x_wconf 90' lang='lat' dir='ltr'>libr.l</span> <span class='ocrx_word' id='word_1_155' title='bbox 412 1041 458 1080; x_wconf 92' lang='lat' dir='ltr'>de</span> <span class='ocrx_word' id='word_1_156' title='bbox 470 1040 572 1080; x_wconf 88' lang='lat' dir='ltr'>Ven.</span> <span class='ocrx_word' id='word_1_157' title='bbox 584 1055 624 1080; x_wconf 78' lang='lat' dir='ltr'>v,</span> <span class='ocrx_word' id='word_1_158' title='bbox 643 1042 692 1080; x_wconf 81' lang='lat'>62</span> <span class='ocrx_word' id='word_1_159' title='bbox 706 1053 864 1080; x_wconf 90' lang='lat' dir='ltr'>annotat</span> <span class='ocrx_word' id='word_1_160' title='bbox 878 1053 885 1079; x_wconf 94' lang='lat'>:</span> <span class='ocrx_word' id='word_1_161' title='bbox 904 1040 947 1079; x_wconf 89' lang='lat' dir='ltr'>In</span> <span class='ocrx_word' id='word_1_162' title='bbox 968 1040 1145 1080; x_wconf 77' lang='lat' dir='ltr'>hocloco</span> <span class='ocrx_word' id='word_1_163' title='bbox 1160 1041 1259 1080; x_wconf 47' lang='lat' dir='ltr'>recle</span> <span class='ocrx_word' id='word_1_164' title='bbox 1272 1043 1319 1082; x_wconf 88' lang='lat' dir='ltr'>de</span> 
     </span>
     <span class='ocr_line' id='line_1_16' title="bbox 38 1094 1319 1148; baseline 0.003 -16"><span class='ocrx_word' id='word_1_165' title='bbox 38 1106 206 1135; x_wconf 90' lang='lat' dir='ltr'>numero</span> <span class='ocrx_word' id='word_1_166' title='bbox 220 1094 400 1147; x_wconf 72' lang='lat' dir='ltr'>singulari</span> <span class='ocrx_word' id='word_1_167' title='bbox 413 1095 459 1134; x_wconf 83' lang='lat' dir='ltr'>ad</span> <span class='ocrx_word' id='word_1_168' title='bbox 476 1095 661 1148; x_wconf 77' lang='lat' dir='ltr'>pluralem</span> <span class='ocrx_word' id='word_1_169' title='bbox 676 1094 813 1133; x_wconf 88' lang='lat' dir='ltr'>saltum</span> <span class='ocrx_word' id='word_1_170' title='bbox 831 1094 1097 1134; x_wconf 82' lang='lat' dir='ltr'>animadvertit</span> <span class='ocrx_word' id='word_1_171' title='bbox 1112 1095 1319 1136; x_wconf 65' lang='lat' dir='ltr'>Gci‘nerns.</span> 
     </span>
     <span class='ocr_line' id='line_1_17' title="bbox 36 1147 1318 1203; baseline 0.001 -15"><span class='ocrx_word' id='word_1_172' title='bbox 36 1147 180 1188; x_wconf 79' lang='lat' dir='ltr'>Similis</span> <span class='ocrx_word' id='word_1_173' title='bbox 195 1149 389 1189; x_wconf 89' lang='lat' dir='ltr'>invenitur</span> <span class='ocrx_word' id='word_1_174' title='bbox 403 1161 656 1189; x_wconf 88' lang='lat' dir='ltr'>numerorum</span> <span class='ocrx_word' id='word_1_175' title='bbox 670 1149 840 1202; x_wconf 78' lang='lat' dir='ltr'>enallage</span> <span class='ocrx_word' id='word_1_176' title='bbox 854 1163 912 1202; x_wconf 88' lang='lat' dir='ltr'>ap.</span> <span class='ocrx_word' id='word_1_177' title='bbox 926 1148 1157 1203; x_wconf 73' lang='lat' dir='ltr'>Sophoclem</span> <span class='ocrx_word' id='word_1_178' title='bbox 1173 1151 1210 1188; x_wconf 82' lang='lat' dir='ltr'>in</span> <span class='ocrx_word' id='word_1_179' title='bbox 1227 1150 1318 1189; x_wconf 76' lang='lat' dir='ltr'>Aia-</span> 
     </span>
     <span class='ocr_line' id='line_1_18' title="bbox 38 1199 1319 1256; baseline 0 -14"><span class='ocrx_word' id='word_1_180' title='bbox 38 1202 210 1243; x_wconf 75' lang='lat' dir='ltr'>ceMast.</span> <span class='ocrx_word' id='word_1_181' title='bbox 223 1217 263 1242; x_wconf 94' lang='lat' dir='ltr'>v.</span> <span class='ocrx_word' id='word_1_182' title='bbox 280 1217 376 1256; x_wconf 85' lang='lat'>739:</span> <span class='ocrx_word' id='word_1_183' title='bbox 392 1203 431 1242; x_wconf 72' lang='grc' dir='ltr'>οὔ</span> <span class='ocrx_word' id='word_1_184' title='bbox 446 1217 504 1243; x_wconf 81' lang='grc' dir='ltr'>τις</span> <span class='ocrx_word' id='word_1_185' title='bbox 518 1203 596 1243; x_wconf 65' lang='grc' dir='ltr'>’ἑο-δ’</span> <span class='ocrx_word' id='word_1_186' title='bbox 609 1203 644 1242; x_wconf 80' lang='grc' dir='ltr'>ὃς</span> <span class='ocrx_word' id='word_1_187' title='bbox 661 1199 698 1242; x_wconf 71' lang='grc' dir='ltr'>οὗ</span> <span class='ocrx_word' id='word_1_188' title='bbox 710 1206 774 1243; x_wconf 66' lang='lat' dir='ltr'>Toy</span> <span class='ocrx_word' id='word_1_189' title='bbox 787 1202 856 1242; x_wconf 74' lang='grc' dir='ltr'>τοῦ</span> <span class='ocrx_word' id='word_1_190' title='bbox 866 1205 1045 1253; x_wconf 69' lang='grc' dir='ltr'>μανέντας</span> <span class='ocrx_word' id='word_1_191' title='bbox 1062 1202 1319 1252; x_wconf 66' lang='grc' dir='ltr'>κᾲτιβουλευ-</span> 
     </span>
     <span class='ocr_line' id='line_1_19' title="bbox 38 1255 1316 1310; baseline -0.001 -14"><span class='ocrx_word' id='word_1_192' title='bbox 38 1255 109 1296; x_wconf 71' lang='grc' dir='ltr'>τοῦ</span> <span class='ocrx_word' id='word_1_193' title='bbox 121 1255 285 1309; x_wconf 57' lang='grc' dir='ltr'><strong><em>στρατοῦ</em></strong></span> <span class='ocrx_word' id='word_1_194' title='bbox 298 1258 481 1307; x_wconf 70' lang='grc' dir='ltr'>Ξὺνοιιμον</span> <span class='ocrx_word' id='word_1_195' title='bbox 495 1255 794 1296; x_wconf 61' lang='grc' dir='ltr'>ἀποκαλοῦντες.</span> <span class='ocrx_word' id='word_1_196' title='bbox 811 1257 936 1310; x_wconf 84' lang='lat' dir='ltr'>Quod</span> <span class='ocrx_word' id='word_1_197' title='bbox 949 1269 1045 1296; x_wconf 85' lang='lat' dir='ltr'>vero</span> <span class='ocrx_word' id='word_1_198' title='bbox 1058 1258 1102 1296; x_wconf 83' lang='lat' dir='ltr'>ad</span> <span class='ocrx_word' id='word_1_199' title='bbox 1116 1258 1206 1296; x_wconf 76' lang='lat' dir='ltr'>illud</span> <span class='ocrx_word' id='word_1_200' title='bbox 1220 1259 1316 1296; x_wconf 71' lang='grc' dir='ltr'>ἁπο-</span> 
     </span>
     <span class='ocr_line' id='line_1_20' title="bbox 38 1309 1318 1365; baseline 0.001 -15"><span class='ocrx_word' id='word_1_201' title='bbox 38 1309 241 1350; x_wconf 58' lang='lat' dir='ltr'>maecum</span> <span class='ocrx_word' id='word_1_202' title='bbox 254 1311 433 1351; x_wconf 85' lang='lat' dir='ltr'>observat</span> <span class='ocrx_word' id='word_1_203' title='bbox 447 1311 574 1352; x_wconf 87' lang='lat' dir='ltr'>Schol.</span> <span class='ocrx_word' id='word_1_204' title='bbox 591 1313 652 1350; x_wconf 85' lang='lat' dir='ltr'>hic</span> <span class='ocrx_word' id='word_1_205' title='bbox 664 1311 791 1364; x_wconf 78' lang='lat' dir='ltr'>legiffe</span> <span class='ocrx_word' id='word_1_206' title='bbox 803 1325 881 1352; x_wconf 90' lang='lat' dir='ltr'>non</span> <span class='ocrx_word' id='word_1_207' title='bbox 895 1311 1128 1365; x_wconf 85' lang='lat' dir='ltr'>poenitebit:</span> <span class='ocrx_word' id='word_1_208' title='bbox 1144 1312 1318 1352; x_wconf 63' lang='grc' dir='ltr'>Ἀττικὸν</span> 
     </span>
     <span class='ocr_line' id='line_1_21' title="bbox 37 1363 1147 1416; baseline 0 -13"><span class='ocrx_word' id='word_1_209' title='bbox 37 1363 115 1404; x_wconf 72' lang='grc' dir='ltr'><strong><em>ἔθος</em></strong></span> <span class='ocrx_word' id='word_1_210' title='bbox 126 1367 169 1403; x_wconf 63' lang='lat' dir='ltr'>‘rb</span> <span class='ocrx_word' id='word_1_211' title='bbox 187 1365 365 1416; x_wconf 77' lang='grc' dir='ltr'><em>ἐπιφέρειν</em></span> <span class='ocrx_word' id='word_1_212' title='bbox 379 1364 503 1406; x_wconf 62' lang='lat' dir='ltr'>{vavi}</span> <span class='ocrx_word' id='word_1_213' title='bbox 516 1368 568 1404; x_wconf 66' lang='grc' dir='ltr'>τὰ</span> <span class='ocrx_word' id='word_1_214' title='bbox 580 1367 830 1406; x_wconf 62' lang='grc' dir='ltr'>πλυὲῑυντικὲι</span> <span class='ocrx_word' id='word_1_215' title='bbox 840 1395 850 1412; x_wconf 84' lang='grc'><em>,</em></span> <span class='ocrx_word' id='word_1_216' title='bbox 867 1366 931 1404; x_wconf 71' lang='grc' dir='ltr'>καὶ</span> <span class='ocrx_word' id='word_1_217' title='bbox 946 1365 1147 1404; x_wconf 60' lang='grc' dir='ltr'>ἀνάπαλιν.</span> 
     </span>
    </p>

    <p class='ocr_par' dir='ltr' id='par_1_3' title="bbox 37 1419 1318 1539">
     <span class='ocr_line' id='line_1_22' title="bbox 93 1419 1318 1472; baseline 0.003 -15"><span class='ocrx_word' id='word_1_218' title='bbox 93 1421 167 1458; x_wconf 83' lang='lat' dir='ltr'>ead.</span> <span class='ocrx_word' id='word_1_219' title='bbox 180 1420 204 1459; x_wconf 93' lang='lat' dir='ltr'>l.</span> <span class='ocrx_word' id='word_1_220' title='bbox 220 1433 280 1459; x_wconf 89' lang='lat'>12.</span> <span class='ocrx_word' id='word_1_221' title='bbox 294 1420 535 1472; x_wconf 72' lang='grc' dir='ltr'>Ἀλκαμένει)</span> <span class='ocrx_word' id='word_1_222' title='bbox 551 1419 700 1459; x_wconf 78' lang='lat' dir='ltr'>Phidiae</span> <span class='ocrx_word' id='word_1_223' title='bbox 715 1421 745 1458; x_wconf 89' lang='lat' dir='ltr'>is</span> <span class='ocrx_word' id='word_1_224' title='bbox 757 1420 1045 1459; x_wconf 84' lang='lat' dir='ltr'>aemulus.Vid.</span> <span class='ocrx_word' id='word_1_225' title='bbox 1065 1432 1150 1472; x_wconf 86' lang='lat' dir='ltr'>cap.</span> <span class='ocrx_word' id='word_1_226' title='bbox 1166 1434 1201 1467; x_wconf 76' lang='lat'>4.</span> <span class='ocrx_word' id='word_1_227' title='bbox 1217 1419 1318 1461; x_wconf 77' lang='lat' dir='ltr'>Plut-</span> 
     </span>
     <span class='ocr_line' id='line_1_23' title="bbox 37 1473 1316 1539; baseline 0.002 -28"><span class='ocrx_word' id='word_1_228' title='bbox 37 1483 126 1511; x_wconf 75' lang='grc' dir='ltr'><strong>πολ.</strong></span> <span class='ocrx_word' id='word_1_229' title='bbox 143 1487 332 1539; x_wconf 55' lang='grc' dir='ltr'>παραγῒ.</span> <span class='ocrx_word' id='word_1_230' title='bbox 353 1473 783 1526; x_wconf 79' lang='lat' dir='ltr'>1435.Pl&#39;m.XXXVI‚</span> <span class='ocrx_word' id='word_1_231' title='bbox 803 1487 835 1526; x_wconf 86' lang='lat'>5,</span> <span class='ocrx_word' id='word_1_232' title='bbox 856 1473 896 1513; x_wconf 89' lang='lat'>&amp;</span> <span class='ocrx_word' id='word_1_233' title='bbox 915 1473 1137 1513; x_wconf 61' lang='lat' dir='ltr'>Paussvut</span> <span class='ocrx_word' id='word_1_234' title='bbox 1155 1473 1316 1514; x_wconf 73' lang='lat' dir='ltr'>SOLAN.</span> 
     </span>
    </p>

    <p class='ocr_par' dir='ltr' id='par_1_4' title="bbox 35 1526 1318 1797">
     <span class='ocr_line' id='line_1_24' title="bbox 93 1526 1316 1582; baseline 0.001 -16"><span class='ocrx_word' id='word_1_235' title='bbox 93 1529 167 1566; x_wconf 79' lang='lat' dir='ltr'>ead.</span> <span class='ocrx_word' id='word_1_236' title='bbox 183 1529 207 1566; x_wconf 87' lang='lat' dir='ltr'>l.</span> <span class='ocrx_word' id='word_1_237' title='bbox 227 1541 283 1581; x_wconf 86' lang='lat'>13.</span> <span class='ocrx_word' id='word_1_238' title='bbox 311 1533 338 1566; x_wconf 82' lang='grc' dir='ltr'><strong><em>Η</em></strong></span> <span class='ocrx_word' id='word_1_239' title='bbox 353 1528 433 1582; x_wconf 83' lang='grc' dir='ltr'>τῳ)</span> <span class='ocrx_word' id='word_1_240' title='bbox 457 1529 654 1567; x_wconf 86' lang='lat' dir='ltr'>Minutum</span> <span class='ocrx_word' id='word_1_241' title='bbox 674 1527 750 1575; x_wconf 80' lang='lat' dir='ltr'>est,</span> <span class='ocrx_word' id='word_1_242' title='bbox 770 1526 832 1566; x_wconf 89' lang='lat' dir='ltr'>sed</span> <span class='ocrx_word' id='word_1_243' title='bbox 847 1529 953 1581; x_wconf 90' lang='lat' dir='ltr'>quod</span> <span class='ocrx_word' id='word_1_244' title='bbox 969 1540 1048 1567; x_wconf 88' lang='lat' dir='ltr'>non</span> <span class='ocrx_word' id='word_1_245' title='bbox 1069 1527 1316 1567; x_wconf 81' lang='lat' dir='ltr'>observatum</span> 
     </span>
     <span class='ocr_line' id='line_1_25' title="bbox 37 1579 1318 1634; baseline 0.002 -14"><span class='ocrx_word' id='word_1_246' title='bbox 37 1579 246 1634; x_wconf 62' lang='lat' dir='ltr'>suspefiam</span> <span class='ocrx_word' id='word_1_247' title='bbox 259 1582 414 1622; x_wconf 82' lang='lat' dir='ltr'>reddere</span> <span class='ocrx_word' id='word_1_248' title='bbox 429 1581 540 1634; x_wconf 84' lang='lat' dir='ltr'>poffit</span> <span class='ocrx_word' id='word_1_249' title='bbox 555 1582 923 1634; x_wconf 82' lang='lat' dir='ltr'>interpretationem,</span> <span class='ocrx_word' id='word_1_250' title='bbox 937 1595 1018 1622; x_wconf 88' lang='lat' dir='ltr'>non</span> <span class='ocrx_word' id='word_1_251' title='bbox 1038 1582 1239 1634; x_wconf 81' lang='lat' dir='ltr'>legendum</span> <span class='ocrx_word' id='word_1_252' title='bbox 1254 1583 1318 1623; x_wconf 86' lang='lat' dir='ltr'>hic</span> 
     </span>
     <span class='ocr_line' id='line_1_26' title="bbox 36 1634 1316 1687; baseline -0.001 -12"><span class='ocrx_word' id='word_1_253' title='bbox 36 1635 130 1680; x_wconf 78' lang='lat' dir='ltr'>esse,</span> <span class='ocrx_word' id='word_1_254' title='bbox 147 1647 189 1675; x_wconf 88' lang='lat' dir='ltr'>ut</span> <span class='ocrx_word' id='word_1_255' title='bbox 205 1636 331 1676; x_wconf 88' lang='lat' dir='ltr'>adhuc</span> <span class='ocrx_word' id='word_1_256' title='bbox 341 1667 354 1683; x_wconf 90' lang='lat'>,</span> <span class='ocrx_word' id='word_1_257' title='bbox 369 1638 387 1676; x_wconf 71' lang='grc' dir='ltr'><strong>ἢ</strong></span> <span class='ocrx_word' id='word_1_258' title='bbox 400 1636 452 1687; x_wconf 72' lang='grc' dir='ltr'>τῷ</span> <span class='ocrx_word' id='word_1_259' title='bbox 463 1638 586 1686; x_wconf 71' lang='grc' dir='ltr'>ἄλλῳ,</span> <span class='ocrx_word' id='word_1_260' title='bbox 601 1635 661 1676; x_wconf 90' lang='lat' dir='ltr'>sed</span> <span class='ocrx_word' id='word_1_261' title='bbox 674 1634 693 1676; x_wconf 70' lang='lat'>31&#39;</span> <span class='ocrx_word' id='word_1_262' title='bbox 710 1650 764 1685; x_wconf 87' lang='grc' dir='ltr'>τῳ</span> <span class='ocrx_word' id='word_1_263' title='bbox 779 1634 898 1685; x_wconf 68' lang='grc' dir='ltr'><strong>ἄλλῳ.</strong></span> <span class='ocrx_word' id='word_1_264' title='bbox 914 1635 1115 1675; x_wconf 88' lang='lat' dir='ltr'>Articulos</span> <span class='ocrx_word' id='word_1_265' title='bbox 1127 1650 1192 1673; x_wconf 75' lang='grc' dir='ltr'>του</span> <span class='ocrx_word' id='word_1_266' title='bbox 1207 1636 1246 1674; x_wconf 85' lang='lat'>&amp;</span> <span class='ocrx_word' id='word_1_267' title='bbox 1260 1651 1316 1685; x_wconf 83' lang='grc' dir='ltr'>τῳ</span> 
     </span>
     <span class='ocr_line' id='line_1_27' title="bbox 35 1688 1317 1744; baseline 0 -14"><span class='ocrx_word' id='word_1_268' title='bbox 35 1689 299 1730; x_wconf 86' lang='lat' dir='ltr'>encliticarum</span> <span class='ocrx_word' id='word_1_269' title='bbox 317 1704 427 1730; x_wconf 87' lang='lat' dir='ltr'>more</span> <span class='ocrx_word' id='word_1_270' title='bbox 439 1703 511 1743; x_wconf 87' lang='lat' dir='ltr'>pro</span> <span class='ocrx_word' id='word_1_271' title='bbox 523 1694 639 1737; x_wconf 71' lang='grc' dir='ltr'>τινδς,</span> <span class='ocrx_word' id='word_1_272' title='bbox 652 1689 726 1730; x_wconf 75' lang='grc' dir='ltr'>τινὶ</span> <span class='ocrx_word' id='word_1_273' title='bbox 742 1691 854 1744; x_wconf 88' lang='lat' dir='ltr'>poni,</span> <span class='ocrx_word' id='word_1_274' title='bbox 866 1702 1027 1739; x_wconf 88' lang='lat' dir='ltr'>notum;</span> <span class='ocrx_word' id='word_1_275' title='bbox 1042 1688 1103 1729; x_wconf 89' lang='lat' dir='ltr'>sed</span> <span class='ocrx_word' id='word_1_276' title='bbox 1121 1689 1184 1730; x_wconf 87' lang='lat' dir='ltr'>hic</span> <span class='ocrx_word' id='word_1_277' title='bbox 1199 1702 1317 1730; x_wconf 90' lang='lat' dir='ltr'>teme-</span> 
     </span>
     <span class='ocr_line' id='line_1_28' title="bbox 37 1743 471 1797; baseline 0 -14"><span class='ocrx_word' id='word_1_278' title='bbox 37 1755 81 1784; x_wconf 82' lang='lat' dir='ltr'>re</span> <span class='ocrx_word' id='word_1_279' title='bbox 97 1743 327 1797; x_wconf 58' lang='lat' dir='ltr'>neglefium.</span> <span class='ocrx_word' id='word_1_280' title='bbox 342 1744 471 1785; x_wconf 63' lang='lat' dir='ltr'>Gtsn.</span> 
     </span>
    </p>

    <p class='ocr_par' dir='ltr' id='par_1_5' title="bbox 36 1796 1319 2067">
     <span class='ocr_line' id='line_1_29' title="bbox 90 1796 1317 1852; baseline 0 -16"><span class='ocrx_word' id='word_1_281' title='bbox 90 1799 170 1837; x_wconf 75' lang='lat' dir='ltr'>ibid.</span> <span class='ocrx_word' id='word_1_282' title='bbox 186 1796 284 1838; x_wconf 60' lang='lat' dir='ltr'>06st</span> <span class='ocrx_word' id='word_1_283' title='bbox 292 1801 372 1852; x_wconf 64' lang='grc' dir='ltr'>γὰρ</span> <span class='ocrx_word' id='word_1_284' title='bbox 381 1796 477 1852; x_wconf 57' lang='grc' dir='ltr'>οὐδ’)</span> <span class='ocrx_word' id='word_1_285' title='bbox 492 1799 604 1839; x_wconf 88' lang='lat' dir='ltr'>Hanc</span> <span class='ocrx_word' id='word_1_286' title='bbox 614 1798 887 1851; x_wconf 87' lang='lat' dir='ltr'>plerarumque</span> <span class='ocrx_word' id='word_1_287' title='bbox 898 1797 978 1837; x_wconf 82' lang='lat' dir='ltr'>edd.</span> <span class='ocrx_word' id='word_1_288' title='bbox 991 1797 1195 1837; x_wconf 66' lang='lat' dir='ltr'>leffionem</span> <span class='ocrx_word' id='word_1_289' title='bbox 1209 1809 1317 1850; x_wconf 88' lang='lat' dir='ltr'>prae-</span> 
     </span>
     <span class='ocr_line' id='line_1_30' title="bbox 37 1849 1319 1906; baseline -0.002 -15"><span class='ocrx_word' id='word_1_290' title='bbox 37 1849 123 1892; x_wconf 90' lang='lat' dir='ltr'>fero</span> <span class='ocrx_word' id='word_1_291' title='bbox 136 1852 273 1898; x_wconf 83' lang='lat' dir='ltr'>alteri,</span> <span class='ocrx_word' id='word_1_292' title='bbox 287 1866 387 1906; x_wconf 91' lang='lat' dir='ltr'>quae</span> <span class='ocrx_word' id='word_1_293' title='bbox 399 1849 436 1892; x_wconf 78' lang='grc' dir='ltr'>οὗ</span> <span class='ocrx_word' id='word_1_294' title='bbox 448 1854 528 1906; x_wconf 63' lang='grc' dir='ltr'>γὰρ</span> <span class='ocrx_word' id='word_1_295' title='bbox 543 1849 628 1892; x_wconf 57' lang='grc' dir='ltr'>οῦδὲ</span> <span class='ocrx_word' id='word_1_296' title='bbox 640 1853 816 1893; x_wconf 79' lang='lat' dir='ltr'>exhibet:</span> <span class='ocrx_word' id='word_1_297' title='bbox 834 1854 1020 1892; x_wconf 88' lang='lat' dir='ltr'>maiorem</span> <span class='ocrx_word' id='word_1_298' title='bbox 1035 1852 1136 1890; x_wconf 89' lang='lat' dir='ltr'>enim</span> <span class='ocrx_word' id='word_1_299' title='bbox 1158 1852 1237 1889; x_wconf 84' lang='lat' dir='ltr'>vim</span> <span class='ocrx_word' id='word_1_300' title='bbox 1253 1852 1319 1890; x_wconf 82' lang='lat' dir='ltr'>ha-</span> 
     </span>
     <span class='ocr_line' id='line_1_31' title="bbox 37 1902 1316 1960; baseline -0.002 -15"><span class='ocrx_word' id='word_1_301' title='bbox 37 1905 115 1946; x_wconf 88' lang='lat' dir='ltr'>bet.</span> <span class='ocrx_word' id='word_1_302' title='bbox 128 1907 176 1946; x_wconf 87' lang='lat' dir='ltr'>Et</span> <span class='ocrx_word' id='word_1_303' title='bbox 188 1906 240 1947; x_wconf 88' lang='lat' dir='ltr'>fic</span> <span class='ocrx_word' id='word_1_304' title='bbox 250 1906 300 1946; x_wconf 92' lang='lat' dir='ltr'>T.</span> <span class='ocrx_word' id='word_1_305' title='bbox 315 1907 356 1954; x_wconf 89' lang='lat'>1,</span> <span class='ocrx_word' id='word_1_306' title='bbox 366 1907 474 1959; x_wconf 88' lang='lat' dir='ltr'>Nigr.</span> <span class='ocrx_word' id='word_1_307' title='bbox 491 1907 545 1956; x_wconf 87' lang='lat'>§6</span> <span class='ocrx_word' id='word_1_308' title='bbox 556 1938 568 1954; x_wconf 94' lang='lat'>‚</span> <span class='ocrx_word' id='word_1_309' title='bbox 581 1906 599 1960; x_wconf 87' lang='lat'>(</span> <span class='ocrx_word' id='word_1_310' title='bbox 613 1921 649 1960; x_wconf 88' lang='lat' dir='ltr'>p.</span> <span class='ocrx_word' id='word_1_311' title='bbox 667 1922 684 1960; x_wconf 84' lang='lat'><em>3</em></span> <span class='ocrx_word' id='word_1_312' title='bbox 697 1920 710 1945; x_wconf 81' lang='grc' dir='ltr'>ι</span> <span class='ocrx_word' id='word_1_313' title='bbox 727 1907 841 1946; x_wconf 87' lang='lat' dir='ltr'>huius</span> <span class='ocrx_word' id='word_1_314' title='bbox 853 1906 939 1959; x_wconf 89' lang='lat' dir='ltr'>ed.)</span> <span class='ocrx_word' id='word_1_315' title='bbox 953 1902 1040 1944; x_wconf 51' lang='lat' dir='ltr'>oss&amp;</span> <span class='ocrx_word' id='word_1_316' title='bbox 1054 1903 1233 1958; x_wconf 58' lang='lat' dir='ltr'>31&amp;qust</span> <span class='ocrx_word' id='word_1_317' title='bbox 1247 1919 1316 1943; x_wconf 68' lang='grc' dir='ltr'>κοι-</span> 
     </span>
     <span class='ocr_line' id='line_1_32' title="bbox 36 1958 1316 2014; baseline -0.001 -16"><span class='ocrx_word' id='word_1_318' title='bbox 36 1960 236 2011; x_wconf 74' lang='grc' dir='ltr'>ταφρονεῖν.</span> <span class='ocrx_word' id='word_1_319' title='bbox 254 1960 316 2000; x_wconf 90' lang='lat' dir='ltr'>Ad</span> <span class='ocrx_word' id='word_1_320' title='bbox 331 1974 432 2014; x_wconf 86' lang='lat' dir='ltr'>quae</span> <span class='ocrx_word' id='word_1_321' title='bbox 443 1961 562 2000; x_wconf 90' lang='lat' dir='ltr'>verba</span> <span class='ocrx_word' id='word_1_322' title='bbox 574 1960 790 2000; x_wconf 87' lang='lat' dir='ltr'>Hemsterh.</span> <span class='ocrx_word' id='word_1_323' title='bbox 804 1973 852 1999; x_wconf 88' lang='lat' dir='ltr'>ex</span> <span class='ocrx_word' id='word_1_324' title='bbox 866 1959 945 1999; x_wconf 84' lang='lat' dir='ltr'>aliis</span> <span class='ocrx_word' id='word_1_325' title='bbox 958 1958 1072 1998; x_wconf 64' lang='lat' dir='ltr'>auett.</span> <span class='ocrx_word' id='word_1_326' title='bbox 1088 1958 1219 1998; x_wconf 83' lang='lat' dir='ltr'>fimilia</span> <span class='ocrx_word' id='word_1_327' title='bbox 1237 1960 1316 1998; x_wconf 88' lang='lat' dir='ltr'>iam</span> 
     </span>
     <span class='ocr_line' id='line_1_33' title="bbox 37 2013 1092 2067; baseline -0.001 -14"><span class='ocrx_word' id='word_1_328' title='bbox 37 2013 152 2054; x_wconf 89' lang='lat' dir='ltr'>dedit.</span> <span class='ocrx_word' id='word_1_329' title='bbox 170 2015 218 2055; x_wconf 87' lang='lat' dir='ltr'>Et</span> <span class='ocrx_word' id='word_1_330' title='bbox 230 2013 280 2054; x_wconf 73' lang='lat' dir='ltr'>sic</span> <span class='ocrx_word' id='word_1_331' title='bbox 297 2015 413 2066; x_wconf 88' lang='lat' dir='ltr'>paulo</span> <span class='ocrx_word' id='word_1_332' title='bbox 427 2014 512 2067; x_wconf 88' lang='lat' dir='ltr'>post</span> <span class='ocrx_word' id='word_1_333' title='bbox 524 2015 662 2054; x_wconf 89' lang='lat' dir='ltr'>iterum</span> <span class='ocrx_word' id='word_1_334' title='bbox 677 2016 765 2054; x_wconf 76' lang='grc' dir='ltr'><strong><em>τότε</em></strong></span> <span class='ocrx_word' id='word_1_335' title='bbox 776 2013 823 2054; x_wconf 56' lang='lat' dir='ltr'>sa</span> <span class='ocrx_word' id='word_1_336' title='bbox 836 2014 935 2052; x_wconf 80' lang='grc' dir='ltr'><strong>τότε.</strong></span> <span class='ocrx_word' id='word_1_337' title='bbox 948 2013 1092 2053; x_wconf 70' lang='lat' dir='ltr'>Rmrz.</span> 
     </span>
    </p>

    <p class='ocr_par' dir='ltr' id='par_1_6' title="bbox 39 2065 1317 2609">
     <span class='ocr_line' id='line_1_34' title="bbox 92 2065 1315 2123; baseline -0.002 -15"><span class='ocrx_word' id='word_1_338' title='bbox 92 2072 166 2108; x_wconf 81' lang='lat' dir='ltr'>ead.</span> <span class='ocrx_word' id='word_1_339' title='bbox 184 2070 208 2108; x_wconf 89' lang='lat' dir='ltr'>l.</span> <span class='ocrx_word' id='word_1_340' title='bbox 225 2082 282 2117; x_wconf 88' lang='lat'>¹4·</span> <span class='ocrx_word' id='word_1_341' title='bbox 296 2068 536 2122; x_wconf 70' lang='grc' dir='ltr'>Ἐλέωειντίι)</span> <span class='ocrx_word' id='word_1_342' title='bbox 562 2069 738 2108; x_wconf 83' lang='lat' dir='ltr'>Eburnea</span> <span class='ocrx_word' id='word_1_343' title='bbox 759 2069 855 2108; x_wconf 86' lang='lat' dir='ltr'>inter</span> <span class='ocrx_word' id='word_1_344' title='bbox 876 2067 964 2123; x_wconf 79' lang='lat' dir='ltr'>alias</span> <span class='ocrx_word' id='word_1_345' title='bbox 987 2067 1095 2108; x_wconf 86' lang='lat' dir='ltr'>Iovis</span> <span class='ocrx_word' id='word_1_346' title='bbox 1113 2065 1315 2119; x_wconf 87' lang='lat' dir='ltr'>Olympici</span> 
     </span>
     <span class='ocr_line' id='line_1_35' title="bbox 39 2120 1315 2176; baseline -0.004 -13"><span class='ocrx_word' id='word_1_347' title='bbox 39 2121 185 2172; x_wconf 86' lang='lat' dir='ltr'>statua,</span> <span class='ocrx_word' id='word_1_348' title='bbox 199 2123 240 2163; x_wconf 85' lang='lat'>&amp;</span> <span class='ocrx_word' id='word_1_349' title='bbox 263 2123 428 2163; x_wconf 73' lang='lat' dir='ltr'>Eleensts</span> <span class='ocrx_word' id='word_1_350' title='bbox 442 2124 602 2164; x_wconf 82' lang='lat' dir='ltr'>Urania.</span> <span class='ocrx_word' id='word_1_351' title='bbox 621 2122 686 2162; x_wconf 93' lang='lat' dir='ltr'>De</span> <span class='ocrx_word' id='word_1_352' title='bbox 706 2124 822 2176; x_wconf 86' lang='lat' dir='ltr'>priori</span> <span class='ocrx_word' id='word_1_353' title='bbox 839 2124 994 2162; x_wconf 84' lang='lat' dir='ltr'>tesfatur</span> <span class='ocrx_word' id='word_1_354' title='bbox 1015 2121 1106 2161; x_wconf 85' lang='lat' dir='ltr'>Plin.</span> <span class='ocrx_word' id='word_1_355' title='bbox 1123 2120 1315 2168; x_wconf 85' lang='lat' dir='ltr'>XXXIV,</span> 
     </span>
     <span class='ocr_line' id='line_1_36' title="bbox 45 2173 1313 2230; baseline 0 -16"><span class='ocrx_word' id='word_1_356' title='bbox 45 2189 91 2228; x_wconf 87' lang='lat'>¹9</span> <span class='ocrx_word' id='word_1_357' title='bbox 104 2208 116 2224; x_wconf 90' lang='lat'><strong>,</strong></span> <span class='ocrx_word' id='word_1_358' title='bbox 129 2190 172 2217; x_wconf 90' lang='lat' dir='ltr'>ut</span> <span class='ocrx_word' id='word_1_359' title='bbox 185 2178 279 2217; x_wconf 83' lang='lat' dir='ltr'>alios</span> <span class='ocrx_word' id='word_1_360' title='bbox 291 2188 449 2217; x_wconf 84' lang='lat' dir='ltr'>taceam.</span> <span class='ocrx_word' id='word_1_361' title='bbox 463 2177 622 2217; x_wconf 74' lang='lat' dir='ltr'>SOLAN.</span> <span class='ocrx_word' id='word_1_362' title='bbox 634 2177 841 2223; x_wconf 69' lang='grc' dir='ltr'>Ἐλέφαντιι</span> <span class='ocrx_word' id='word_1_363' title='bbox 852 2206 863 2223; x_wconf 85' lang='grc'><em>,</em></span> <span class='ocrx_word' id='word_1_364' title='bbox 879 2189 951 2230; x_wconf 91' lang='lat' dir='ltr'>pro</span> <span class='ocrx_word' id='word_1_365' title='bbox 965 2177 1070 2224; x_wconf 85' lang='lat' dir='ltr'>ebore,</span> <span class='ocrx_word' id='word_1_366' title='bbox 1084 2188 1126 2214; x_wconf 89' lang='lat' dir='ltr'>ut</span> <span class='ocrx_word' id='word_1_367' title='bbox 1142 2173 1252 2227; x_wconf 82' lang='lat' dir='ltr'>supra</span> <span class='ocrx_word' id='word_1_368' title='bbox 1266 2175 1313 2214; x_wconf 92' lang='lat' dir='ltr'>de</span> 
     </span>
     <span class='ocr_line' id='line_1_37' title="bbox 40 2229 1314 2284; baseline -0.002 -14"><span class='ocrx_word' id='word_1_369' title='bbox 40 2229 171 2271; x_wconf 81' lang='lat' dir='ltr'>Sacris.</span> <span class='ocrx_word' id='word_1_370' title='bbox 188 2244 221 2271; x_wconf 90' lang='lat' dir='ltr'>c.</span> <span class='ocrx_word' id='word_1_371' title='bbox 238 2245 253 2270; x_wconf 83' lang='lat'>1</span> <span class='ocrx_word' id='word_1_372' title='bbox 266 2245 279 2270; x_wconf 91' lang='lat'>1</span> <span class='ocrx_word' id='word_1_373' title='bbox 290 2262 299 2278; x_wconf 95' lang='lat'>‚</span> <span class='ocrx_word' id='word_1_374' title='bbox 316 2242 357 2270; x_wconf 90' lang='lat' dir='ltr'>ut</span> <span class='ocrx_word' id='word_1_375' title='bbox 369 2232 479 2284; x_wconf 85' lang='lat' dir='ltr'>Virg.</span> <span class='ocrx_word' id='word_1_376' title='bbox 497 2232 576 2271; x_wconf 87' lang='lat' dir='ltr'>fere</span> <span class='ocrx_word' id='word_1_377' title='bbox 589 2231 690 2271; x_wconf 89' lang='lat' dir='ltr'>Aen.</span> <span class='ocrx_word' id='word_1_378' title='bbox 704 2231 754 2270; x_wconf 87' lang='lat'>111</span> <span class='ocrx_word' id='word_1_379' title='bbox 768 2261 780 2277; x_wconf 92' lang='lat'>,</span> <span class='ocrx_word' id='word_1_380' title='bbox 797 2232 896 2279; x_wconf 87' lang='lat'>464,</span> <span class='ocrx_word' id='word_1_381' title='bbox 911 2253 955 2260; x_wconf 94' lang='lat'>—</span> <span class='ocrx_word' id='word_1_382' title='bbox 964 2231 1114 2282; x_wconf 61' lang='lat' dir='ltr'>fenoque</span> <span class='ocrx_word' id='word_1_383' title='bbox 1125 2230 1314 2280; x_wconf 73' lang='lat' dir='ltr'>elephanto.</span> 
     </span>
     <span class='ocr_line' id='line_1_38' title="bbox 42 2279 1311 2336; baseline -0.003 -11"><span class='ocrx_word' id='word_1_384' title='bbox 42 2283 156 2325; x_wconf 86' lang='lat' dir='ltr'>Conf.</span> <span class='ocrx_word' id='word_1_385' title='bbox 171 2299 286 2333; x_wconf 84' lang='lat' dir='ltr'>mox,</span> <span class='ocrx_word' id='word_1_386' title='bbox 301 2285 423 2336; x_wconf 74' lang='grc' dir='ltr'>ἔπριον</span> <span class='ocrx_word' id='word_1_387' title='bbox 435 2290 499 2325; x_wconf 71' lang='grc' dir='ltr'>τὸν</span> <span class='ocrx_word' id='word_1_388' title='bbox 513 2285 709 2332; x_wconf 70' lang='grc' dir='ltr'>ἐλέφαντα.</span> <span class='ocrx_word' id='word_1_389' title='bbox 726 2284 852 2336; x_wconf 85' lang='lat' dir='ltr'>Quod</span> <span class='ocrx_word' id='word_1_390' title='bbox 873 2285 1026 2336; x_wconf 85' lang='lat' dir='ltr'>quidem</span> <span class='ocrx_word' id='word_1_391' title='bbox 1043 2284 1128 2321; x_wconf 81' lang='lat' dir='ltr'>satis</span> <span class='ocrx_word' id='word_1_392' title='bbox 1151 2279 1284 2322; x_wconf 76' lang='lat' dir='ltr'>notum</span> <span class='ocrx_word' id='word_1_393' title='bbox 1300 2295 1311 2321; x_wconf 73' lang='grc' dir='ltr'>ε</span> 
     </span>
     <span class='ocr_line' id='line_1_39' title="bbox 41 2336 1314 2386; baseline -0.002 -9"><span class='ocrx_word' id='word_1_394' title='bbox 41 2351 128 2378; x_wconf 88' lang='lat' dir='ltr'>nam</span> <span class='ocrx_word' id='word_1_395' title='bbox 143 2340 185 2379; x_wconf 88' lang='lat'>&amp;</span> <span class='ocrx_word' id='word_1_396' title='bbox 200 2339 250 2379; x_wconf 71' lang='lat' dir='ltr'>sic</span> <span class='ocrx_word' id='word_1_397' title='bbox 263 2340 427 2379; x_wconf 88' lang='lat' dir='ltr'>Homer.</span> <span class='ocrx_word' id='word_1_398' title='bbox 449 2352 529 2378; x_wconf 92' lang='lat' dir='ltr'>non</span> <span class='ocrx_word' id='word_1_399' title='bbox 544 2338 683 2385; x_wconf 91' lang='lat' dir='ltr'>semel,</span> <span class='ocrx_word' id='word_1_400' title='bbox 702 2350 744 2378; x_wconf 90' lang='lat' dir='ltr'>ut</span> <span class='ocrx_word' id='word_1_401' title='bbox 758 2339 796 2377; x_wconf 90' lang='lat' dir='ltr'>Il.</span> <span class='ocrx_word' id='word_1_402' title='bbox 813 2348 846 2377; x_wconf 88' lang='grc' dir='ltr'>Δ</span> <span class='ocrx_word' id='word_1_403' title='bbox 860 2368 870 2385; x_wconf 86' lang='grc'><em>,</em></span> <span class='ocrx_word' id='word_1_404' title='bbox 890 2352 976 2386; x_wconf 87' lang='lat'>141,</span> <span class='ocrx_word' id='word_1_405' title='bbox 991 2338 1054 2375; x_wconf 73' lang='grc' dir='ltr'>Ὠς</span> <span class='ocrx_word' id='word_1_406' title='bbox 1073 2337 1110 2375; x_wconf 61' lang='grc' dir='ltr'>δ’</span> <span class='ocrx_word' id='word_1_407' title='bbox 1127 2337 1189 2375; x_wconf 67' lang='lat' dir='ltr'>‘ors</span> <span class='ocrx_word' id='word_1_408' title='bbox 1204 2351 1263 2375; x_wconf 81' lang='grc' dir='ltr'>τις</span> <span class='ocrx_word' id='word_1_409' title='bbox 1278 2336 1314 2374; x_wconf 89' lang='grc' dir='ltr'>τ’</span> 
     </span>
     <span class='ocr_line' id='line_1_40' title="bbox 43 2390 1317 2445; baseline -0.004 -13"><span class='ocrx_word' id='word_1_410' title='bbox 43 2391 226 2439; x_wconf 64' lang='grc' dir='ltr'>ἐλέφαντα</span> <span class='ocrx_word' id='word_1_411' title='bbox 238 2394 333 2445; x_wconf 53' lang='lat' dir='ltr'>qumi</span> <span class='ocrx_word' id='word_1_412' title='bbox 346 2395 480 2444; x_wconf 76' lang='grc' dir='ltr'>φοίνικι</span> <span class='ocrx_word' id='word_1_413' title='bbox 493 2390 609 2443; x_wconf 61' lang='grc' dir='ltr'>μιῆνν,</span> <span class='ocrx_word' id='word_1_414' title='bbox 627 2396 687 2432; x_wconf 88' lang='lat' dir='ltr'>Ac</span> <span class='ocrx_word' id='word_1_415' title='bbox 701 2394 805 2432; x_wconf 72' lang='lat' dir='ltr'>velun·</span> <span class='ocrx_word' id='word_1_416' title='bbox 816 2395 950 2445; x_wconf 83' lang='lat' dir='ltr'>quando</span> <span class='ocrx_word' id='word_1_417' title='bbox 967 2393 1083 2444; x_wconf 77' lang='lat' dir='ltr'>aliqua</span> <span class='ocrx_word' id='word_1_418' title='bbox 1098 2392 1179 2428; x_wconf 64' lang='lat' dir='ltr'>ebur</span> <span class='ocrx_word' id='word_1_419' title='bbox 1194 2391 1317 2428; x_wconf 74' lang='lat' dir='ltr'>mulier·</span> 
     </span>
     <span class='ocr_line' id='line_1_41' title="bbox 43 2444 1315 2501; baseline -0.004 -14"><span class='ocrx_word' id='word_1_420' title='bbox 43 2462 193 2501; x_wconf 81' lang='lat' dir='ltr'>vurpum</span> <span class='ocrx_word' id='word_1_421' title='bbox 215 2449 362 2486; x_wconf 70' lang='lat' dir='ltr'>tinxerit.</span> <span class='ocrx_word' id='word_1_422' title='bbox 378 2449 438 2486; x_wconf 86' lang='lat' dir='ltr'>Ad</span> <span class='ocrx_word' id='word_1_423' title='bbox 479 2461 566 2486; x_wconf 83' lang='lat' dir='ltr'>uem</span> <span class='ocrx_word' id='word_1_424' title='bbox 583 2446 678 2486; x_wconf 85' lang='lat' dir='ltr'>vers.</span> <span class='ocrx_word' id='word_1_425' title='bbox 692 2447 728 2486; x_wconf 87' lang='lat' dir='ltr'>S.</span> <span class='ocrx_word' id='word_1_426' title='bbox 743 2446 883 2486; x_wconf 87' lang='lat' dir='ltr'>Clarke</span> <span class='ocrx_word' id='word_1_427' title='bbox 903 2447 1018 2484; x_wconf 85' lang='lat' dir='ltr'>etiarn</span> <span class='ocrx_word' id='word_1_428' title='bbox 1038 2446 1152 2484; x_wconf 84' lang='lat' dir='ltr'>alium</span> <span class='ocrx_word' id='word_1_429' title='bbox 1173 2458 1218 2482; x_wconf 59' lang='lat' dir='ltr'>ex·</span> <span class='ocrx_word' id='word_1_430' title='bbox 1235 2444 1315 2482; x_wconf 83' lang='lat' dir='ltr'>Lu·</span> 
     </span>
     <span class='ocr_line' id='line_1_42' title="bbox 45 2461 1317 2555; baseline -0.002 -15"><span class='ocrx_word' id='word_1_431' title='bbox 45 2502 141 2541; x_wconf 86' lang='lat' dir='ltr'>ciani</span> <span class='ocrx_word' id='word_1_432' title='bbox 155 2501 272 2555; x_wconf 86' lang='lat' dir='ltr'>lmag.</span> <span class='ocrx_word' id='word_1_433' title='bbox 286 2502 415 2542; x_wconf 87' lang='lat' dir='ltr'>locum</span> <span class='ocrx_word' id='word_1_434' title='bbox 429 2461 550 2542; x_wconf 37' lang='lat' dir='ltr'>affert.</span> <span class='ocrx_word' id='word_1_435' title='bbox 562 2501 632 2540; x_wconf 85' lang='lat' dir='ltr'>Sed</span> <span class='ocrx_word' id='word_1_436' title='bbox 646 2502 750 2553; x_wconf 86' lang='lat' dir='ltr'>quod</span> <span class='ocrx_word' id='word_1_437' title='bbox 764 2513 900 2540; x_wconf 87' lang='lat' dir='ltr'>notatu</span> <span class='ocrx_word' id='word_1_438' title='bbox 911 2501 1060 2552; x_wconf 84' lang='lat' dir='ltr'>dignius</span> <span class='ocrx_word' id='word_1_439' title='bbox 1071 2529 1082 2545; x_wconf 92' lang='lat'><strong><em>,</em></strong></span> <span class='ocrx_word' id='word_1_440' title='bbox 1096 2511 1144 2538; x_wconf 84' lang='lat' dir='ltr'>ex</span> <span class='ocrx_word' id='word_1_441' title='bbox 1158 2496 1317 2538; x_wconf 79' lang='lat' dir='ltr'>Pausan.</span> 
     </span>
     <span class='ocr_line' id='line_1_43' title="bbox 46 2550 1317 2609; baseline -0.005 -13"><span class='ocrx_word' id='word_1_442' title='bbox 46 2555 165 2597; x_wconf 82' lang='lat' dir='ltr'>Attic.</span> <span class='ocrx_word' id='word_1_443' title='bbox 181 2555 220 2604; x_wconf 91' lang='lat'>1,</span> <span class='ocrx_word' id='word_1_444' title='bbox 234 2568 267 2597; x_wconf 89' lang='lat' dir='ltr'>c.</span> <span class='ocrx_word' id='word_1_445' title='bbox 285 2569 352 2596; x_wconf 84' lang='lat'>12:</span> <span class='ocrx_word' id='word_1_446' title='bbox 366 2557 588 2606; x_wconf 64' lang='grc' dir='ltr'>Ἐλέφοιντα,</span> <span class='ocrx_word' id='word_1_447' title='bbox 602 2555 686 2596; x_wconf 68' lang='grc' dir='ltr'><strong><em>ὅσος</em></strong></span> <span class='ocrx_word' id='word_1_448' title='bbox 696 2555 765 2608; x_wconf 80' lang='grc' dir='ltr'>μὲν</span> <span class='ocrx_word' id='word_1_449' title='bbox 778 2556 813 2596; x_wconf 79' lang='grc' dir='ltr'>ἐς</span> <span class='ocrx_word' id='word_1_450' title='bbox 829 2553 888 2609; x_wconf 70' lang='grc' dir='ltr'>ἔῃ</span> <span class='ocrx_word' id='word_1_451' title='bbox 898 2569 924 2594; x_wconf 71' lang='grc' dir='ltr'>σι</span> <span class='ocrx_word' id='word_1_452' title='bbox 937 2554 1000 2594; x_wconf 72' lang='grc' dir='ltr'>καὶ</span> <span class='ocrx_word' id='word_1_453' title='bbox 1015 2550 1152 2606; x_wconf 64' lang='grc' dir='ltr'>ἀνὸρῶν</span> <span class='ocrx_word' id='word_1_454' title='bbox 1164 2551 1317 2606; x_wconf 69' lang='grc' dir='ltr'>χεῖρας,</span> 
     </span>
    </p>
   </div>
  </div>
 </body>
</html>
