1841 3180
472 166 567 229 478
678 163 1553 214 ANNOTATIONES

472 255 588 301 scam,
604 255 765 296 huccine
777 254 978 308 pertineat,
996 266 1044 292 an
1059 252 1103 292 ad
1119 252 1346 305 praecedens
1360 252 1660 306 ἑνῶιατρίβοντες.
1676 255 1752 297 Sed

473 309 666 361 ἀκαριαῖον
684 311 849 362 probum
866 307 954 356 effe,
974 308 1047 346 iam
1063 308 1206 347 dietum
1222 308 1268 346 ad
1281 308 1458 346 Hermot.
1475 321 1508 347 c.
1520 309 1582 348 62.
1597 308 1746 350 Rm‘rz.

533 365 621 416 Pag.
635 379 647 402 1
657 367 720 412 67.
730 364 753 401 l.
772 361 1007 414 ι.Ἀρτηρίαν)
1020 363 1069 401 V.
1083 362 1178 401 Plut.
1190 366 1321 411 Συμπ.
1335 363 1462 412 προβλ.
1473 366 1510 400 Ζ.
1521 361 1548 400 ά,
1560 377 1571 410 ;
1584 363 1650 402 ubi
1660 377 1750 404 cum

475 419 568 457 haec
577 419 725 471 optime
738 430 759 455 a
774 417 921 456 medico
935 414 1051 455 ess'ent
1067 417 1268 468 explicata,
1284 416 1411 454 inscite
1425 416 1634 455 admodum
1648 417 1753 457 dein-

474 485 566 524 ceps
587 485 608 511 a
627 471 892 511 Grammatico
905 500 916 515 ,
936 470 1188 510 Anatomices
1202 468 1500 522 imperitiffimo‚
1520 471 1651 510 eadem
1665 468 1753 511 sub·

476 537 693 618 vertgmtur.
710 524 819 563 Adde
833 526 874 564 &
886 526 935 564 A.
949 524 1050 564 Gell.
1060 525 1223 564 eundem
1239 536 1411 564 errorem
1428 533 1599 564 tuentem
1610 525 1727 565 XVII
1737 550 1753 573 ,

479 594 494 620 1
508 594 538 618 1.
588 589 718 617 oLAN.

529 636 602 670 ead.
621 636 642 670 l.
663 628 906 684 ς.”Ἀκρατος)
919 632 1048 671 Antea
1059 632 1258 684 legebatur
1272 630 1452 683 ἀκρατής.
1464 630 1599 671 Prave.
1619 632 1695 681 Sic,
1707 642 1752 672 ut

473 686 534 726 edi
556 686 803 734 curavimus,
822 686 982 725 totidem
1001 686 1131 725 verbis
1153 685 1260 725 Plato
1284 685 1329 724 de
1349 685 1569 737 Rep.V111.
1591 685 1755 727 SOLAN.

475 740 674 792 Ἀκρατὴς)
688 740 839 779 Lubens
849 739 1080 792 obsequerer
1089 739 1233 780 Solano
1242 738 1575 792 dnpaeroflegenti:
1591 740 1651 780 sed
1662 754 1752 781 cum

475 794 568 834 nihil
582 794 806 834 variationis
819 794 1000 833 addiderit
1010 825 1021 842 ,
1036 792 1103 833 nisi
1118 795 1222 847 quod
1237 795 1284 834 B.
1299 809 1332 833 2.
1347 792 1388 833 &
1401 795 1441 832 S.
1457 805 1618 846 quoque
1637 795 1755 846 ἀκρα-

473 847 544 888 τὴς
559 849 749 896 habeant3
771 860 847 900 ego
858 849 940 888 edd.
954 847 1118 888 studiose
1137 847 1329 894 consului,
1341 847 1496 900 easque,
1510 860 1608 900 quas
1618 847 1755 889 notavi

473 903 513 942 in
528 904 706 942 variantt.
727 915 863 941 omnes
879 903 1076 955 vulgatam
1093 901 1252 942 servare
1273 901 1525 954 deprehendi3
1547 914 1620 942 nec
1642 903 1756 943 inve·

476 957 543 996 nio
557 957 656 996 Cod.
673 956 796 996 ullum
811 967 988 996 notatum
1000 986 1012 1003 ‚
1035 957 1104 1010 qui
1126 956 1234 996 aliter
1252 957 1403 995 habeat.
1427 955 1609 1008 Cumque
1621 956 1752 1010 Steph.

476 1012 592 1050 etiam
608 1010 768 1062 ἀκρατὲς
783 1010 914 1061 στόμα
928 1009 1084 1063 paffive,
1106 1024 1179 1064 pro
1190 1011 1295 1064 quod
1310 1010 1480 1050 cohiberi
1489 1010 1640 1063 nequit,
1659 1010 1757 1050 affe·

477 1075 536 1103 rat
555 1077 603 1104 ex
625 1063 820 1117 Aristoph.
846 1078 925 1104 non
951 1065 1107 1117 quidem
1132 1064 1436 1105 commonstrato
1449 1063 1564 1112 loco,
1589 1065 1675 1118 (qui
1699 1064 1756 1105 est
1814 1085 1815 1091 =

476 1119 578 1159 Ran.
599 1117 710 1165 862.)
739 1118 935 1170 vulgatam
955 1119 1135 1158 intaeiam
1155 1118 1343 1167 sinemus,
1364 1119 1490 1159 donec
1511 1119 1678 1159 certiora
1694 1120 1756 1158 in-

481 1174 719 1213 venerimus.
738 1173 886 1212 Rmz.

534 1231 607 1265 ead.
623 1228 644 1266 l.
660 1240 697 1276 7.
713 1226 857 1266 Ἵππων
879 1223 1118 1281 ὑποπτέρων)
1143 1226 1208 1266 De
1227 1226 1378 1280 poetica
1389 1226 1460 1268 hac
1475 1225 1678 1267 celeritatis
1689 1226 1756 1267 de-

477 1280 680 1333 scriptione
696 1281 807 1333 plena
823 1295 938 1320 manu
950 1312 963 1328 ,
988 1292 1030 1321 ut
1041 1282 1156 1328 solet,
1182 1281 1236 1321 La
1249 1281 1375 1322 Cerda
1390 1281 1436 1320 ad
1449 1281 1634 1328 Aen-VI,
1648 1281 1724 1320 808
1740 1295 1755 1330 3

480 1336 580 1375 unde
602 1347 730 1389 petere
743 1335 830 1375 licet
843 1336 983 1375 omnia.
996 1335 1201 1388 Quaedam
1216 1337 1331 1375 etiam
1346 1334 1602 1376 Eschenbach.
1617 1335 1663 1375 ad
1675 1334 1756 1375 Or·
1818 1343 1819 1358 ¹

481 1390 567 1442 phei
584 1391 734 1442 Argon.
753 1403 838 1442 137.
860 1389 988 1430 GESN.
1013 1389 1134 1430 Conf.
1148 1389 1250 1444 supr.
1263 1391 1396 1431 Somn.
1413 1402 1446 1430 c.
1461 1389 1484 1429 8
1503 1402 1554 1430 ex
1565 1388 1755 1430 divifione

481 1443 635 1490 Solam,
651 1444 781 1493 nunc§
800 1458 858 1496 15.
881 1444 1030 1484 Rm-rz.

535 1500 607 1537 ead.
621 1499 643 1535 l.
658 1497 780 1537 8357?
790 1498 977 1550 ἀνθερίκων
992 1500 1107 1551 ἄκρων
1120 1497 1362 1549 θευσομένους
1375 1496 1680 1550 ἀναβιβάσηται)
1691 1496 1757 1536 Al·
1817 1495 1823 1557 ξ

482 1552 567 1591 lusit
582 1552 626 1590 ad
642 1552 771 1591 locum
787 1553 943 1592 Hefiodi
953 1584 964 1601 ‚
984 1554 1051 1607 qui
1066 1553 1167 1606 apud
1179 1552 1420 1593 Eustathium
1431 1582 1444 1600 ‚
1459 1565 1507 1592 ex
1518 1552 1624 1591 libris
1637 1551 1758 1605 perdi-

484 1607 532 1645 tis
544 1637 553 1654 ‚
579 1606 758 1646 habetur:
780 1603 904 1658 Ἄκρον
924 1606 985 1646 ἐπ’
1004 1608 1192 1660 ἀνθερίκων
1206 1609 1344 1659 καρπὶν
1356 1608 1449 1655 θέεν,
1464 1603 1550 1646 aas&
1562 1607 1754 1645 κατέκλα.

483 1659 588 1699 Ἀλλ’
605 1660 668 1699 ἐπὶ
681 1660 891 1712 Δ’ν-τυραμίνων
907 1660 1034 1714 ἀθέρων
1048 1661 1263 1713 &polit-&wne
1275 1659 1452 1701 πόδεσσι.
1467 1663 1581 1714 Super
1583 1660 1758 1712 summum

484 1715 658 1768 aristarum
668 1714 817 1764 fruHum
829 1716 987 1764 cucurrit,
997 1731 1099 1769 neque
1105 1715 1224 1769 fregit.
1242 1717 1310 1754 Sed
1310 1714 1417 1768 super
1429 1714 1758 1768 triticcarumspica·

485 1784 559 1808 rum
586 1769 763 1808 cacumina
782 1771 933 1808 currebat
949 1771 1104 1823 pedibus.
1138 1770 1214 1810 Ubi
1240 1770 1408 1809 notanda
1431 1781 1516 1808 vox
1534 1768 1758 1821 πυράμινος,
1820 1775 1821 1778 ’

483 1824 619 1875 ignota
635 1823 946 1876 Lexicographis.
971 1823 1071 1864 Usus
1087 1823 1140 1864 est
1155 1825 1266 1863 etiam
1281 1824 1476 1862 Lucianus
1487 1823 1563 1863 hoc
1585 1822 1675 1862 Ioco
1686 1853 1697 1872 ,
1717 1823 1760 1861 in
1821 1850 1829 1866 .,

485 1877 639 1929 dialogo
655 1890 726 1929 pro
740 1877 984 1930 Imaginibus.
999 1878 1150 1927 Statim,
1164 1877 1306 1918 ὁπόταν
1321 1877 1336 1915 ὃ
1351 1877 1450 1924 Ζεὺς,
1466 1876 1519 1916 est
1533 1889 1583 1917 ex
1597 1876 1699 1916 Iliad.
1713 1881 1761 1917 Θ.

485 1931 602 1978 Mox,
616 1932 729 1983 μέγα
744 1934 870 1979 τοίνυν,
882 1930 1030 1981 μᾶλλόν
1046 1948 1088 1972 τε
1101 1930 1193 1983 ὑπὲρ
1203 1934 1313 1987 μέγα
1327 1930 1437 1970 τοῦτο
1453 1934 1584 1980 κακὶιν,
1600 1930 1629 1971 εἰ
1641 1931 1694 1982 μὴ
1711 1930 1761 1970 εὶ-

487 1985 571 2026 ὃείη
586 1999 645 2024 τις
657 1986 825 2038 χωριζειν
839 1988 913 2025 τὰς
929 1987 1108 2040 ἱστορίας,
1123 1987 1188 2026 καὶ
1204 1989 1257 2026 τὰ
1271 1984 1478 2034 ποιητικῆς,
1500 1985 1588 2025 ἀλλ’
1601 1985 1760 2025 {oreta-02⁴
1823 2028 1827 2040 ι

486 2054 550 2093 γει
571 2038 618 2089 τῇ
640 2038 780 2092 ἱστορία
797 2042 849 2079 τα
870 2039 938 2080 τῆς
952 2039 1079 2094 ἑτέρας
1093 2041 1350 2092 κομμώματα.
1377 2040 1534 2080 Latinus
1554 2040 1759 2092 interpres:

490 2095 665 2146 Magnum
675 2094 796 2146 igitur,
812 2096 911 2134 immo
919 2096 1097 2148 plusquam
1112 2111 1269 2149 magnum
1281 2096 1343 2134 hoc
1359 2095 1499 2143 malum,
1503 2095 1542 2146 fi
1545 2094 1620 2147 quis
1631 2092 1762 2144 nesciat

489 2164 545 2194 ea,
559 2163 643 2201 quae
665 2149 816 2200 historiae
831 2149 866 2186 6³
873 2151 1021 2202 politices
1027 2150 1116 2202 sunt
1127 2151 1279 2203 propria,
1296 2150 1469 2202 separare,
1484 2149 1550 2201 fid
1567 2148 1762 2188 introducat

489 2201 527 2241 ἱη
541 2202 708 2255 historiam
720 2203 859 2241 alterius
872 2219 1080 2250 ornamenta,
1088 2203 1247 2255 fhbulam
1258 2204 1414 2244 nimirum
1425 2203 1461 2242 δ’
1471 2202 1617 2248 laudem,
1626 2201 1760 2254 eosque,

490 2256 546 2309 qui
558 2256 749 2308 hisinsunt,
759 2257 920 2309 excqffus.
937 2258 1028 2298 Non
1040 2259 1182 2299 damno
1190 2258 1288 2298 hanc
1301 2257 1522 2303 Ieffionem,
1534 2268 1659 2309 neque
1673 2267 1760 2294 ver-

492 2309 651 2350 fionem.
667 2309 827 2363 Ἕτέρας,
844 2312 890 2351 i'c.
902 2311 1112 2353 ποιητικῆς.
1123 2313 1313 2366 Excerpta
1329 2323 1456 2351 tamen
1472 2323 1556 2351 mea
1567 2322 1657 2349 cum
1671 2309 1760 2355 An÷

493 2364 644 2416 glicano
657 2365 804 2405 Codice
816 2364 983 2405 scribunt
996 2369 1050 2406 τα
1061 2366 1124 2406 τῆς
1139 2366 1288 2419 ἑταίρας
1302 2367 1563 2417 κομμώματα,
1576 2364 1759 2403 meretricia

496 2419 780 2469 lenocinia,fucos
790 2421 997 2460 meretricios.
1017 2420 1077 2460 Sic
1087 2432 1203 2461 vocat
1217 2423 1253 2460 in
1263 2420 1419 2460 historia
1433 2421 1636 2473 po'e'tarum'
1653 2416 1759 2457 fabu⁴

495 2471 547 2511 Ias
558 2502 568 2520 ‚
587 2472 716 2513 laudes
729 2473 768 2513 δι
783 2474 1029 2528 hyperbolas.
1045 2475 1216 2529 Ideoque
1232 2475 1270 2514 in
1283 2473 1463 2527 sequente
1477 2472 1637 2527 periodo
1649 2471 1759 2521 dicit,·
1822 2521 1826 2526 ἱ
1840 2533 1841 2536 ¹
