1768 3185
130 230 202 277 IN
218 229 562 302 QUOMODO
585 227 747 277 HIST.
769 227 870 275 SIT
887 225 1148 274 CONSCR.
1221 245 1305 294 501

28 315 135 364 'niae
148 318 282 365 locus,
299 319 338 358 in
359 331 441 371 quo
463 319 752 358 circumventus
767 319 1038 359 Romanorum
1052 318 1241 365 exercitus
1255 321 1312 360 in-

0 372 258 427 gfternecioni
269 383 375 411 totus
383 372 491 411 datus
501 372 564 412 est.
575 373 631 411 M.
644 374 879 423 Σεουηριεινδς
886 372 1041 424 ubique.
1052 374 1080 413 l.
1092 373 1151 412 ed.
1165 374 1204 412 &
1215 374 1311 414 aliae

47 425 258 465 nonnullae
279 426 342 466 hic
362 426 400 465 δι
424 439 516 465 mox
539 427 677 465 iterum
699 428 930 477 Essssptoevb5‚
950 439 1049 479 quae
1066 438 1157 466 cum
1176 426 1312 466 deinde

21 478 216 531 «Σεβηρ-
229 478 331 519 recle
346 478 507 519 scribant
519 509 531 525 ,
544 492 615 519 nos
626 479 668 518 &
684 480 742 518 hic
758 479 858 520 reae
874 479 987 520 scribi
1000 480 1232 527 curavimus,
1251 480 1311 519 uti

46 543 137 572 ante
153 545 224 572 nos
236 533 282 572 B.
298 547 330 571 2.
346 532 386 572 δε
408 533 637 573 Βεηεάίὲὶυε
660 531 840 572 fecerant.
866 533 1068 572 Severianus
1092 544 1222 573 autem
1246 533 1318 572 hia

44 583 184 626 Gallus
195 585 331 626 dicitur
344 599 365 626 a
379 586 523 625 Nostro
535 586 658 637 Ἀλεξ.
673 599 704 626 c.
719 600 781 635 27,
796 588 1096 640 Armeniamque
1110 586 1311 626 invasurus

28 674 31 675 ⁷
48 636 257 679 Alexandri
272 640 473 680 oraculum
489 638 702 689 consuluit,
716 653 796 694 quo
810 639 1014 694 responso,
1038 653 1172 694 quove
1187 641 1310 691 exitu,

46 690 185 733 ibidem
203 692 331 733 disces.
352 693 511 733 SOLAN.

103 748 177 785 ead.
191 747 215 785 l.
234 747 292 786 ¹6.
307 746 539 800 Σεβηριοιιὼς)
552 747 767 799 Σεβηριοινὸς
779 747 877 798 λιμῷ
894 746 992 799 (non
1011 748 1126 798 λίμῳ,
1143 758 1186 787 ut
1204 747 1256 788 est
1270 748 1309 787 in

45 798 239 839 animadv.
253 800 294 840 L.
311 801 417 853 Bos)
441 801 632 841 &mim-tat
643 829 654 848 ,
680 800 743 840 neci
758 800 830 840 «Ριᾶ,
845 800 952 841 τοῦτο
965 799 1028 841 οὐκ
1044 800 1225 855 ἐπήγαγε
1239 801 1309 841 ἓιὲι

48 851 115 894 τῆς
129 852 304 905 ἑβδόμης.
330 853 465 894 Sensus
485 855 695 894 verborum
718 853 788 893 est:
813 856 1030 895 Severianum
1052 857 1143 894 intra
1158 857 1308 895 mliuum

47 919 213 948 mortuum
220 906 340 960 fictſj'e,
354 924 428 947 cum
443 909 586 948 inediam
597 911 646 947 ad
649 907 829 961 septimum
842 909 946 962 usque
960 911 1041 948 diem
1051 908 1225 960 perferant
1234 910 1305 962 ple-

44 960 140 1014 n‘que
147 976 166 1009 ‚·
187 963 252 1014 mfi
254 964 293 1014 st
304 964 379 1015 quis
393 963 551 1016 adstitff’
558 974 655 1016 putet
671 960 801 1014 Osrok'n
811 993 825 1010 ,
849 964 884 1002 δ’
896 963 1106 1016 εκῘΡεὲἶπβὲ,
1130 966 1232 1002 donec
1241 963 1309 1014 fa-

48 1029 100 1054 me
111 1019 240 1065 eneflus
251 1015 325 1068 effit
339 1017 562 1063 Severianus,
587 1017 621 1055 δ’
633 1028 803 1070 propterea
821 1032 893 1056 eum
904 1033 971 1056 non
984 1017 1180 1070 produxtſj'e
1200 1017 1308 1056 vitam

43 1083 107 1123 per
117 1070 334 1110 hebdomada.
349 1069 536 1123 Interpres
551 1069 741 1123 postrema
752 1069 802 1110 fic
813 1071 1021 1110 reddiderat
1032 1085 1040 1109 :
1058 1071 1093 1109 6³
1107 1073 1148 1110 ob
1165 1071 1227 1110 hoc
1236 1086 1311 1110 eum

41 1137 107 1177 per
107 1123 235 1178 septem
247 1125 320 1163 dies
334 1125 369 1164 in
383 1125 485 1163 aciem
497 1140 564 1164 non
576 1124 732 1177 eduxzffe.
749 1124 911 1179 Verum,
920 1125 996 1164 hoc
1016 1125 1201 1164 denotare
1213 1124 1309 1164 ἑπά-

45 1190 145 1230 γειν,
158 1178 258 1218 unde
270 1178 433 1218 didicerit
443 1177 504 1218 ille
514 1208 524 1223 ,
538 1177 678 1218 nescio.
702 1176 764 1218 Est
779 1177 940 1232 ἐπάγειν
953 1179 1015 1218 hic
1027 1177 1200 1218 absolute
1212 1177 1310 1231 posi-

48 1240 132 1271 tum
145 1243 218 1286 pro
230 1231 393 1285 ἐπάγειν
405 1234 465 1271 τὀν
480 1233 569 1278 βίον,
581 1232 616 1270 h.
637 1245 668 1271 e.
685 1231 818 1285 insuper
833 1247 926 1284 agere
935 1233 1053 1279 vitam,
1063 1234 1242 1285 producere
1253 1233 1310 1271 νὶ-

46 1297 118 1324 tam
128 1316 140 1334 ,
153 1285 478 1339 quemadmodum
493 1283 601 1339 ἄγειν
615 1285 655 1325 &
669 1285 820 1339 ἓιόιγειν
834 1285 1004 1326 absolute
1020 1289 1135 1325 etiam
1155 1285 1312 1340 usurpa·

47 1348 113 1378 tur
131 1338 210 1380 sine
227 1352 329 1379 voce
342 1339 426 1386 βίον.
446 1340 553 1379 Haec
566 1339 605 1378 in
619 1339 865 1381 animadvers.
879 1354 915 1393 p.
925 1342 972 1394 63
995 1340 1037 1380 L.
1051 1340 1150 1380 Bos.

106 1393 195 1447 Pag.
209 1407 223 1432 ι
232 1393 295 1443 84.
307 1394 332 1432 l.
349 1389 745 1447 1.’tm'=7027÷)Re&e
755 1394 905 1446 quidem
919 1394 960 1434 L.
969 1394 1048 1434 Bos
1057 1394 1132 1435 hoc
1141 1392 1310 1434 verbum

48 1447 169 1487 modo
182 1447 356 1500 exposuit
370 1461 382 1496 ;
402 1460 480 1486 non
495 1459 622 1487 tamen
635 1446 706 1492 est.
720 1448 826 1501 quod
836 1449 932 1488 adeo
944 1447 1110 1502 praecise
1122 1459 1233 1500 neget
1245 1478 1256 1494 ‚
1270 1447 1312 1486 id'

47 1514 207 1554 quoque
226 1502 265 1540 in
288 1501 408 1542 aciem
428 1502 589 1541 educere
611 1500 823 1554 significare
842 1501 966 1555 poffe:
1001 1515 1087 1540 nam
1107 1502 1245 1554 ἐπάγω
1269 1501 1313 1541 δε

48 1556 236 1609 προσάγω
251 1556 288 1595 in
302 1555 441 1594 bellicis
453 1556 755 1607 expeditionibus
767 1555 963 1609 frequens,
979 1568 1052 1607 pro
1064 1556 1170 1602 irruo,
1183 1556 1310 1594 induco

48 1610 227 1649 exercitum
240 1609 279 1648 in
293 1608 463 1657 hosteim
482 1610 656 1662 adeoque
669 1621 749 1648 non
764 1610 815 1648 ita
830 1610 944 1662 longe
958 1608 1103 1648 abludit
1120 1610 1167 1648 ab
1181 1611 1312 1648 educere

49 1663 86 1702 in
101 1664 214 1703 aciem.
233 1662 341 1709 Dixi,
353 1663 483 1709 credo,
497 1664 541 1702 de
553 1664 628 1703 hoc
643 1662 867 1715 significatu,
879 1676 927 1703 ex
943 1663 1095 1702 Arrian.
1111 1663 1252 1715 Exped.
1268 1663 1283 1701 Ι
1298 1692 1312 1708 ,

55 1731 89 1764 1,
102 1731 138 1768 p.
150 1719 175 1758 6
188 1718 263 1758 διε.
277 1717 323 1756 ad
337 1718 511 1762 Hermot.
524 1730 558 1757 c.
573 1716 635 1756 68.
649 1717 797 1756 Verum
811 1718 897 1758 ideo
912 1717 1032 1756 nihilo
1044 1717 1169 1756 minus
1181 1715 1312 1756 verslo

48 1769 204 1824 pristina
215 1782 296 1811 erat
309 1769 490 1819 absurda;
511 1783 629 1824 quare
643 1783 727 1810 eam
742 1772 899 1811 mutavi.
925 1771 1073 1810 Rari-2.

105 1825 186 1864 ibid.
202 1827 279 1864 Διὰ
289 1823 360 1865 τῆς
372 1822 552 1873 ἑβδόμης)
569 1824 629 1864 Sic
641 1825 741 1877 apud
755 1824 897 1867 Athen.
912 1839 958 1878 30
967 1839 982 1864 1
995 1825 1042 1864 A.
1059 1823 1128 1864 διὰ.
1142 1823 1313 1864 sasena-

51 1892 132 1919 της.
144 1880 198 1918 V.
211 1877 372 1919 casaub.
384 1878 493 1927 &11,
516 1892 529 1917 ι
542 1891 572 1930 5.
591 1878 748 1918 SOLAN.

106 1935 181 1972 ead.
195 1933 219 1971 l.
237 1947 272 1986 3.
285 1931 465 1985 Ἐλέλιξε)
489 1932 654 1984 Ἐλέλιξε
666 1931 711 1971 Σὲ
724 1932 884 1984 μηχανὴ
897 1961 908 1978 ,
924 1931 964 1970 &
978 1934 1019 1969 ‘rb
1034 1930 1170 1982 τεῖχος
1184 1929 1228 1968 Σὲ
1242 1944 1312 1969 πε-

53 1987 118 2028 σὶν
128 1985 319 2038 μεγάλως
331 1985 534 2031 &eburnea
548 1997 590 2025 ut
598 1985 638 2024 δι
647 1984 854 2038 sequentia,
867 1983 952 2024 sunt
961 1985 1080 2024 verba
1091 1985 1312 2024 Homerica.

53 2040 229 2082 GRAEV.
243 2040 342 2079 Vide
355 2039 398 2078 Il.
416 2043 456 2088 A,
475 2053 561 2092 530,
571 2040 701 2093 μέγαν
711 2039 748 2079 ae‘
758 2038 1141 2090 ὲλέλιξεν”ολυμπον.
1152 2038 1312 2077 SOLAN.

109 2097 181 2133 ead.
197 2095 221 2133 l.
233 2108 270 2143 4.
282 2092 506 2140 ’Βούπησώ
524 2094 637 2133 Voce
649 2092 790 2132 soom.
801 2093 925 2132 utitur
936 2093 1033 2132 Xen.
1051 2104 1135 2145 pag.
1152 2092 1239 2140 164,
1253 2106 1270 2144 3
1282 2103 1315 2141 5.

53 2147 128 2187 Sed
142 2147 289 2195 nullibi,
303 2147 436 2193 credo,
447 2147 572 2187 verbo
583 2176 594 2195 ,
611 2145 824 2200 praesertim
836 2160 924 2186 cum
935 2147 1119 2199 μεγάλως
1133 2145 1206 2184 &c.
1222 2145 1316 2184 Vox

56 2202 235 2242 Homero
248 2200 453 2241 familiaris.
467 2200 509 2240 11.
521 2207 569 2249 Δ,
587 2213 673 2251 504.
694 2201 739 2240 Et
751 2202 797 2240 ad
810 2213 910 2253 quae
923 2201 1039 2253 paulo
1053 2199 1139 2252 post
1150 2198 1317 2251 sequun-

57 2265 133 2303 tur,
148 2254 252 2295 conf.
264 2255 428 2298 eundem
444 2254 485 2294 ll.
500 2258 522 2292 B
536 2285 547 2302 ‚
564 2268 655 2303 210,
669 2253 710 2293 &
724 2259 746 2292 B
759 2284 770 2300 ,
791 2267 822 2305 3.
852 2254 1010 2294 SOLAN.

110 2311 182 2349 ead.
195 2309 221 2348 l.
238 2308 462 2363 5.’‘Esecm)
478 2306 628 2350 Edeffea
642 2307 811 2348 Arabiae
824 2308 974 2354 civitas,
986 2318 1094 2346 antea
1109 2305 1318 2346 Antiochia

58 2362 172 2412 dieta,
187 2373 229 2402 ut
241 2361 366 2402 scribit
380 2361 472 2401 Plin.
482 2362 538 2409 V,
549 2374 582 2401 c.
601 2361 814 2410 24C0cu.
830 2361 935 2402 Olim
945 2360 1151 2400 Antiochia
1163 2360 1209 2399 ad
1223 2365 1321 2398 Καιλ-

59 2414 180 2470 λιροίιν’
191 2415 299 2456 diCta.
314 2416 366 2462 V.
378 2414 471 2454 Plin.
486 2415 540 2460 V,
558 2430 618 2464 24,
634 2417 674 2456 δι
687 2415 824 2467 Spanh.
836 2416 926 2455 602.
949 2414 1108 2454 SOLAN.

117 2472 191 2509 ead.
205 2470 228 2508 I.
244 2483 282 2523 9.
303 2468 522 2522 Δημοτικᾰ)
540 2469 593 2508 Μ.
608 2470 649 2509 &
662 2468 700 2509 P.
712 2469 758 2509 In
771 2469 926 2520 reliquis
935 2466 1150 2518 ἒημωτικίι.
1163 2466 1323 2508 SOLAN.

119 2525 193 2564 ead.
203 2524 230 2564 l.
247 2536 306 2564 10.
322 2523 640 2578 Πειρενεβέβυστο)
649 2524 698 2563 V.
707 2523 837 2563 locum
848 2520 1180 2615 manifesliiffimum
1192 2522 1229 2560 in
1239 2519 1328 2562 Gal-

1023 2588 1031 2612 *
1066 2589 1084 2626 3
