1768 3185
192 273 261 320 IN
295 271 504 320 VERAE
540 271 892 320 HISTORIAE
926 272 1041 318 LIB.
1077 274 1110 318 Ι.
1214 292 1301 340 543

27 359 253 409 observent,
266 362 364 402 bene
376 361 413 401 se
426 375 507 402 rem
520 363 674 408 habere,
696 362 736 402 δι
751 361 867 402 alicui
884 361 992 401 bono
1005 361 1113 402 suum
1131 363 1205 403 hoc
1219 365 1305 405 fore

29 413 237 468 scriptum;
253 414 308 454 fin
321 416 462 462 minus,
485 416 708 456 volutatum
724 416 797 456 effe
811 417 846 455 in
862 415 1007 456 Cranio
1020 417 1167 456 dolium
1193 418 1242 470 (εἰ
1260 419 1306 457 Σὲ

30 468 104 520 μὴ,
118 468 347 509 κεκύλισται
364 469 378 508 ὁ
392 470 497 510 mo&
510 472 544 510 ἐν
564 470 735 523 Κρανίῳ).
750 470 900 509 Alludit
912 470 1052 509 Noster
1066 472 1113 509 ad
1135 471 1183 517 id,
1200 473 1306 523 quod

29 520 142 575 supra
156 535 240 576 cap.
263 538 281 576 3
305 524 351 562 de
365 522 547 577 Diogene
559 523 644 563 satis
659 524 780 578 lepide
793 536 1039 572 narraverat3
1063 525 1242 564 nimirum
1256 538 1307 565 eo

31 587 230 629 tempore,
245 590 327 630 quo
345 577 540 631 Philippus
558 578 723 617 Macedo
738 578 924 617 diceretur
938 577 1175 618 Corinthum
1192 579 1320 627 iuva-¹

30 629 156 676 surus,
168 631 282 670 valde
298 631 474 671 turbatos
486 630 593 671 fuiffe
602 631 841 676 Corinthios,
856 633 895 671 &
907 633 954 671 ad
966 645 1069 684 opus
1082 631 1117 671 se
1131 632 1310 673 accinxis-

30 683 91 732 se3
117 684 214 724 alios
228 685 329 724 aliud
347 683 512 739 paraffe3
535 686 636 725 hunc
655 699 760 725 arma
775 685 1003 725 fabricatum
1017 685 1111 733 effe;
1136 687 1241 726 illum
1255 687 1312 727 la-

32 738 140 789 pidoe
157 737 342 786 attuliffe3
366 739 555 778 neminem
574 740 739 792 denique
759 738 865 779 fuiffe
878 739 1059 779 otiosum.
1084 740 1184 792 Quo
1199 741 1309 788 viso,

33 791 274 844 Diogenem,
291 805 383 832 cum
396 792 501 842 nihil,
516 794 621 846 quod
637 806 782 846 ageret,
801 794 971 840 haberet,
991 807 1062 833 nec
1077 807 1097 832 a
1109 808 1310 848 quoquam

34 845 250 900 adaliquod
259 847 515 895 adhiberetur,
527 847 650 886 multo
662 848 784 888 studio
796 847 983 887 volutasse
993 847 1136 888 sursum
1150 862 1194 888 ac
1202 850 1314 888 deor-

34 898 117 940 sum
131 912 199 953 per
212 899 403 940 Cranium
417 899 525 940 suum
541 902 687 940 dolium
700 932 711 951 ,
733 903 1112 954 interrogatumque,
1133 904 1222 956 quid
1246 904 1313 942 illa

35 963 190 1007 ageret,
211 953 462 1006 respondisse,
485 954 523 994 se
538 968 720 1008 quoque,
739 968 787 995 ne
802 954 904 994 solus
920 957 1015 995 inter
1027 968 1084 995 tot
1094 957 1314 997 laborantes

32 1019 258 1048 cerneretur
269 1008 437 1056 otiosus,
462 1010 644 1049 volutare
664 1008 774 1049 suum
795 1010 951 1049 dolium.
977 1009 1018 1048 Id
1031 1023 1126 1063 ergo
1139 1011 1223 1051 vult
1236 1011 1313 1052 hoc

38 1063 81 1102 in
94 1061 188 1102 loco
203 1062 420 1111 Lucianus,
437 1075 574 1103 omnes
586 1065 655 1103 hac
671 1063 891 1117 tempestate
902 1093 913 1111 ,
928 1076 1129 1117 tantopere
1143 1066 1317 1113 πολυφώ-

39 1131 104 1166 νῳ,
121 1116 262 1168 aliquid
276 1115 440 1157 historici
455 1117 728 1157 lucubrantur:
752 1130 827 1171 ego
842 1131 959 1162 vero,
976 1131 1024 1158 ne
1038 1117 1141 1158 solus
1156 1119 1247 1158 nihil
1261 1120 1316 1159 di-

37 1183 105 1210 car
119 1169 258 1218 fecisse,
269 1170 437 1211 historici
455 1185 580 1224 partes
593 1171 810 1225 persecutus
820 1170 901 1212 sum
914 1185 922 1210 ε
939 1171 966 1210 st
978 1174 1024 1211 ad
1035 1172 1198 1212 aliorum
1213 1174 1248 1212 id
1262 1173 1319 1213 fe-

37 1237 134 1264 cero
143 1224 362 1272 utilitatem,
371 1237 514 1278 operae
524 1226 728 1266 habiturus
737 1226 818 1266 sum
835 1226 996 1279 pretium
1009 1241 1020 1274 ;
1033 1226 1104 1272 fin,
1115 1240 1204 1267 cum
1216 1227 1319 1267 Dio-

41 1291 141 1332 gene
156 1278 296 1332 aiiquid
308 1277 437 1319 saltem
451 1293 582 1332 egero.
602 1279 784 1320 Ceterum
798 1280 1003 1329 Cranium,
1024 1281 1061 1319 in
1077 1294 1159 1334 quo
1170 1281 1320 1334 Dioge-

44 1345 132 1372 nem
148 1332 302 1386 degiffe,
313 1346 360 1372 ex
378 1333 556 1374 hocloco
571 1346 688 1386 patet,
702 1333 810 1374 fuiffe
824 1333 1067 1387 gymnasium
1079 1346 1165 1374 ante
1176 1334 1319 1375 Corin-

42 1387 170 1435 thum,
180 1389 232 1426 ait
247 1386 447 1440 Diogenes
461 1388 650 1436 La'e'rtius,
660 1390 728 1442 qui
744 1389 875 1429 locum
891 1389 992 1429 hunc
1010 1402 1105 1437 non,
1121 1402 1163 1429 ut
1176 1391 1234 1430 hic
1244 1390 1322 1429 Lu-

44 1442 180 1482 cianus
189 1453 279 1481 cum
293 1441 507 1494 Hesychio,
522 1442 679 1496 Κράνιον,
692 1442 753 1482 sed
766 1441 926 1494 Κρανεῑον
937 1443 1113 1495 appellat.
1131 1443 1177 1482 In
1190 1443 1321 1483 Nostri

45 1495 176 1589 ffiimo
187 1495 385 1535 Mortuor.
405 1495 565 1549 dialogo
578 1496 752 1537 scribitur
765 1497 939 1549 Κράνειον.
960 1496 1069 1537 Irus.
1089 1497 1230 1538 Videas
1243 1498 1322 1538 Th.

95 1548 198 1589 arcil.
215 1562 376 1604 quoque
389 1548 551 1591 scribere
562 1556 722 1605 Κρανιῳ;
743 1551 804 1591 sed
817 1564 885 1592 cur
900 1551 977 1592 hoc
991 1552 1204 1606 improbem
1217 1582 1228 1601 ,
1243 1553 1320 1593 vid.

46 1602 163 1657 supra
176 1604 223 1644 ad
236 1617 273 1645 c.
291 1618 325 1657 3.
347 1604 490 1645 Rmz.

493 1693 676 1704 ——
683 1692 1313 1706 ————————=—

224 1742 295 1787 IN
329 1741 539 1788 VERAE
575 1741 925 1787 HISTORIAE
961 1740 1072 1787 LIB.
1111 1741 1142 1785 Ι.

106 1825 198 1877 Pag.
214 1826 336 1879 219.1.
357 1839 388 1865 1.
409 1829 637 1866 ΑΛΗΘΟΤΣ
654 1824 892 1878 ΙΣΤΟΡΙΑΣ)
908 1822 1184 1863 Fabulosarum
1199 1834 1328 1863 narra*

0 1912 2 1921 ,
51 1879 203 1920 tionum
217 1879 400 1921 eiusmodi
414 1880 669 1934 antiquiorem
686 1879 757 1918 hac
776 1891 861 1919 eam
883 1877 990 1917 fuiffe
1001 1877 1159 1917 Photius
1177 1877 1327 1925 censet,

51 1946 169 1987 quam
188 1934 386 1974 Antonius
404 1933 603 1988 Diogenes
626 1934 672 1972 de
693 1933 822 1972 Thule
841 1931 958 1971 insuia
973 1932 1036 1971 lib.
1053 1931 1184 1971 XXIV
1200 1932 1328 1971 edide-

0 2007 4 2018 ι
54 2000 127 2027 rat.
155 1986 219 2028 De
230 2001 312 2041 quo
323 1988 424 2028 libro
438 1988 498 2027 ille
510 1986 609 2028 Cod.
624 1985 814 2033 CLXVI,
835 2000 870 2039 p.
883 1987 942 2027 ed.
960 1987 1063 2038 Aug.
1082 1985 1154 2034 184
1169 1985 1208 2024 &
1224 1985 1329 2038 seqq.

0 2063 5 2071 ·
56 2041 171 2081 Addit
183 2043 285 2082 enim
303 2056 339 2096 p.
361 2041 451 2095 189,
470 2042 534 2081 καὶ
550 2043 634 2095 γὰρ
647 2039 713 2080 τοῦ
725 2041 808 2092 περὶ
823 2040 962 2080 ἀληθῶν
975 2039 1227 2094 διηγημάτων
1239 2044 1331 2077 Λου-

56 2094 201 2142 κιανοῦ,
212 2096 277 2135 καὶ
288 2094 357 2136 τοῦ
367 2096 450 2148 περὶ
461 2095 781 2146 μεταμορφώσεων
794 2093 1081 2146 Λουκίου,πηγν“ι
1097 2094 1161 2132 καὶ
1173 2093 1255 2144 ῥίζα.
1265 2092 1331 2132 ἔοι-

0 2150 5 2164 “
57 2163 117 2190 κεν
129 2146 226 2190 εἶναι
244 2148 369 2189 τοῦτο.
391 2150 462 2190 Sed
484 2160 572 2190 cum
596 2150 738 2202 putarit
753 2148 936 2196 Photius‚
959 2158 1001 2188 ut
1020 2160 1068 2187 ex
1086 2146 1330 2200 sequentibus

57 2204 141 2244 eius
150 2204 282 2244 verbis
301 2215 425 2257 patet.
446 2202 664 2257 Diogenem
683 2203 899 2242 Antonium
915 2201 1023 2242 suum
1038 2201 1170 2240 vixiffe
1186 2200 1265 2240 fere
1275 2201 1332 2240 Α-

0 2272 8 2298 ’.
56 2257 228 2298 lexandri
251 2258 384 2311 Magni
414 2269 613 2311 tempore,
642 2255 877 2296 vaniffimam
906 2256 1003 2296 hanc
1027 2256 1110 2295 eius
1135 2254 1334 2294 conieem·

58 2324 163 2360 ram,
180 2324 256 2364 ego
270 2312 424 2365 quidem
443 2311 641 2356 existim03
665 2311 914 2363 Lucianoque
929 2308 1035 2349 fuiffe
1049 2309 1306 2349 recentiorem
1318 2338 1331 2356 ‚

58 2378 149 2406 cum
164 2365 262 2406 hanc
273 2378 354 2406 rem
365 2395 378 2414 ,
399 2375 444 2406 ut
458 2378 604 2406 novam
618 2364 772 2419 prorsus
782 2394 794 2411 ,
818 2364 971 2418 aggredi
985 2363 1052 2403 fibi
1066 2363 1169 2403 visus
1181 2362 1226 2402 sit
1242 2363 1334 2407 No·⁴

60 2419 145 2461 ster.
169 2419 328 2460 Soza.

119 2476 191 2513 ead.
204 2475 226 2512 I.
240 2488 274 2527 3.
289 2470 532 2526 Ἀθλητικοΐς)
544 2475 631 2512 Mos
642 2473 857 2512 athletarum.
869 2471 1058 2511 Praefatio
1069 2471 1106 2510 in
1122 2483 1233 2510 veras
1247 2477 1337 2510 nari

0 2529 11 2569 'e
65 2527 249 2576 rationes,
262 2528 299 2567 in
312 2540 392 2580 qua
404 2527 450 2567 de
462 2528 640 2579 corporis
655 2527 696 2566 δι
707 2528 823 2566 animi
835 2538 927 2566 cura
940 2526 1032 2578 agit,
1047 2537 1092 2564 ac
1105 2525 1230 2571 docet,
1250 2525 1338 2577 qui-

0 2585 12 2624 i
64 2581 143 2626 bus
162 2581 286 2624 modis
303 2580 501 2636 utriusque
525 2580 676 2624 labotes
696 2580 768 2622 sint
785 2580 1021 2624 moderandi.
1044 2578 1108 2622 De
1121 2577 1338 2633 remiffionq

0 2388 10 2461 i
