1768 3185
176 131 245 178 IN
277 129 494 179 VERAE
531 128 879 176 HISTORIAE
911 130 1024 176 LIB.
1063 132 1122 177 II.
1226 144 1315 197 573

98 220 179 261 ibid.
192 216 292 261 Οὖέὲ
304 223 442 269 wambe
455 213 516 274 ῗιν)
532 219 673 261 Cicero
689 231 818 259 tamen
827 219 942 260 Tusc.
958 219 1036 260 Dis
1030 235 1065 273 p.
1076 220 1129 268 V,
1144 212 1225 275 cap.
1239 238 1286 276 39
1297 253 1311 272 ‚

47 275 235 315 Homerum
247 291 380 315 caecum
391 276 542 320 inducit,
557 273 741 315 scribens:
758 275 929 314 Traditum
942 276 984 328 est
994 276 1108 323 etiarn,
1123 275 1310 316 Homerum

46 343 182 368 caecum
188 327 306 381 fuiſj‘e.
319 331 374 366 At
385 329 457 367 eius
473 329 636 382 pisturam
646 358 659 374 ,
680 343 746 366 non
757 330 869 381 poe'fin
878 358 891 374 ,
906 329 1066 367 videmus.
1081 329 1183 380 Quae
1196 331 1283 381 regio
1296 360 1312 377 ,

47 397 132 436 quae
143 398 205 422 ora
214 412 228 429 ,
241 383 300 435 qui
320 383 415 422 locus
431 383 596 422 Graeciae
606 412 616 429 ‚
634 397 720 434 quae
728 381 856 434 species
860 381 1040 436 fimnaque
1050 396 1186 436 pugnae
1197 414 1209 432 ‚
1227 399 1314 436 quae

48 436 152 482 acies,
165 441 257 489 quod
268 437 439 489 reniigium
449 466 461 484 ‚
475 437 530 489 qui
544 439 653 475 motu‘s
667 437 850 482 hominum,
863 437 919 488 qui
924 435 1075 487 ferarum
1086 467 1098 485 ‚
1112 437 1241 477 nonita
1256 452 1314 476 ex-

43 491 158 542 piHus
167 492 212 544 est
221 520 232 536 ‚
248 502 288 529 ut
296 504 382 542 quae
398 489 465 543 ipse
478 504 546 529 non
558 490 677 529 viderie
686 520 697 538 ,
711 505 774 528 nos
787 502 824 528 ut
835 491 1034 536 videremus,
1045 489 1207 544 effircerh?
1220 503 1312 530 nam

48 545 229 596 quamvis
240 543 374 597 pi&ori
389 555 634 595 comparetur
646 544 856 591 Homerus,
869 555 918 582 ex
929 542 1172 596 sequentibus
1185 555 1314 584 tamen

48 609 208 650 apparet
218 628 233 644 ,
243 597 474 637 Ciceronem
490 610 578 636 eum
592 609 752 636 caecum
764 595 909 636 facere:
923 597 1028 650 quod
1040 599 1155 637 etiam
1171 597 1333 638 confir-1

48 662 179 690 matur
197 651 381 704 exemplo
393 650 565 690 ‘lirefiae
588 652 693 690 caeci
714 651 813 690 varis
823 679 833 697 ,
859 663 973 704 quem
997 651 1100 692 illico
1123 651 1320 705 subiungit

47 703 204 745 Cicero.
223 705 312 744 vid.
335 716 466 744 notam
490 703 660 752 Davisii,
683 717 799 757 quem
821 703 1092 745 consulendum
1115 705 1260 746 Hemst.
1277 707 1318 746 in

47 771 166 812 marg.
188 757 432 799 Graevianae
446 758 502 798 ed.
520 758 726 807 indicarat3
747 759 812 797 ubi
831 758 862 797 is
883 758 999 798 Brod.
1020 758 1128 799 Misc.
1145 761 1199 806 V,
1213 773 1260 812 9,
1275 761 1317 800 &

46 811 282 852 Scholiasten
295 812 452 852 Lucian.
466 812 512 851 ad
525 812 575 851 T.
591 811 645 858 11,
660 825 696 864 p.
717 825 776 862 17,
789 812 840 865 (i.
855 824 888 851 e.
902 812 948 851 ad
961 812 1092 852 Somn.
1110 811 1135 851 s.
1152 813 1252 854 Gall.
1268 815 1316 854 ad

47 866 171 906 verba
182 868 320 912 τυφλὶς
333 863 451 906 αὐτὸς
467 865 538 918 ὢν)
554 865 589 904 id
601 878 690 905 cum
708 865 882 905 Luciano
896 878 1096 919 negantem
1111 867 1225 915 citat3
1243 880 1315 909 nec

47 931 129 960 non
139 919 275 960 Vellei.
288 919 364 960 Pat.
375 921 441 973 qui
454 919 498 958 L.
511 919 543 968 Ι,
559 934 594 972 5,
606 920 657 958 ait
671 934 678 957 ;
697 919 882 959 Homerum
888 922 924 971 fi
935 921 1010 973 quis
1027 935 1159 960 caecum
1168 922 1315 975 genitum

40 986 171 1025 putat,
184 973 499 1026 omnibussenfibus
513 976 613 1013 orbus
632 989 648 1010 e
677 1003 685 1012 .
701 973 791 1013 Non
811 973 925 1026 igitur
939 974 1047 1027 plane
1061 987 1172 1027 negat
1187 975 1321 1015 Velle-

49 1027 130 1075 ius,
147 1028 363 1067 Homerum
384 1040 541 1068 caecum
554 1025 608 1066 fui
640 1040 683 1074 e;
697 1026 816 1066 sedab
829 1028 1027 1067 nativitate
1043 1029 1076 1066 id
1095 1029 1320 1069 calamitatis

49 1082 85 1120 ei
99 1080 275 1134 obtigisse
287 1093 420 1134 negat:
446 1094 534 1121 cum
549 1093 640 1134 prae
658 1080 761 1120 senio
776 1080 900 1120 visum
922 1081 1078 1122 amisiffe
1093 1083 1162 1122 dici
1181 1094 1296 1136 queat
1307 1113 1319 1130 ‚

45 1135 158 1187 quod
170 1135 209 1174 δι
228 1135 297 1181 illi,
310 1148 412 1187 quos
423 1133 556 1174 Davis.
572 1135 677 1181 citat,
693 1134 868 1174 voluere.
879 1135 982 1175 Vide
998 1136 1110 1175 etiam
1127 1149 1206 1176 not.
1220 1137 1321 1176 Boe-

48 1189 140 1228 cieri
153 1189 198 1228 ad
211 1189 351 1228 Vellei.
365 1202 448 1243 pag.
462 1188 509 1241 38
522 1189 580 1228 ed.
592 1189 725 1228 Burm.
739 1187 907 1228 Caecum
923 1201 1048 1229 autem
1061 1189 1180 1238 fuisse,
1192 1190 1320 1230 Davi·

49 1241 126 1282 sius
142 1243 250 1283 nullo
267 1243 386 1282 modo
401 1243 572 1290 dubitat;
585 1243 691 1295 quod
708 1241 777 1281 sub
791 1241 1013 1285 Demodoci
1028 1243 1186 1296 persona
1201 1244 1319 1284 semet

51 1295 174 1349 ipsum
196 1295 409 1336 describere
423 1296 599 1336 credatur
621 1297 721 1349 apud
745 1297 849 1335 Max.
863 1296 963 1348 Tyr.
984 1296 1078 1338 Diff.
1097 1298 1232 1346 XXlI3
1248 1310 1320 1338 nee

51 1363 127 1404 ego
145 1350 281 1390 dubito
293 1381 304 1396 ‚
318 1350 346 1389 si
365 1349 450 1390 casu
469 1362 536 1389 aut
551 1349 655 1390 senio
671 1350 706 1389 id
719 1349 917 1402 contigisse
934 1351 1090 1398 dixeris,
1105 1363 1149 1391 ut
1162 1351 1276 1392 Brod.
1292 1353 1317 1391 1.

51 1417 84 1445 c.
104 1417 154 1444 ex
173 1405 399 1452 Herodoto,
414 1402 570 1443 Pausan.
590 1405 627 1442 in
653 1403 810 1443 Messen.
839 1404 1033 1444 &Tzetze
1054 1406 1208 1458 probat:
1231 1418 1321 1445 nam

51 1458 100 1498 ab
114 1459 316 1497 nativitate
334 1471 494 1498 caecum
508 1457 684 1506 statuere,
698 1457 900 1497 absurdum
917 1459 1089 1507 videtur3
1105 1473 1196 1498 cum
1213 1472 1323 1512 pere-

52 1512 217 1565 grinatio
237 1512 284 1551 ad
305 1513 435 1551 varios
458 1512 659 1550 hominum
682 1524 830 1557 mores,
849 1512 1016 1559 cultum,
1037 1514 1323 1565 regionumque

53 1566 96 1607 &
108 1566 261 1605 urbium
274 1565 402 1612 situm,
417 1578 580 1618 quarum
595 1566 787 1618 ingentem
801 1565 912 1604 nobis
922 1566 1140 1618 catalogum
1155 1567 1325 1620 reliquit,

52 1618 318 1672 cognoscenda
330 1650 342 1666 ‚
357 1619 607 1673 praecipuum
627 1620 713 1659 eius
726 1617 840 1658 fuerit
860 1618 1033 1659 studium.
1054 1619 1176 1671 Quod
1191 1633 1322 1660 autem

52 1674 103 1712 ab
114 1673 304 1713 statuariis
316 1672 522 1712 desumitur
533 1684 802 1725 argumentum
816 1702 825 1719 ‚
844 1674 910 1726 qui
924 1686 1012 1713 eum
1027 1675 1151 1713 oculis
1165 1687 1321 1727 captum

52 1726 258 1774 finxerint,
280 1728 315 1766 id
330 1727 534 1766 admodum
549 1727 735 1766 incertum
755 1726 843 1764 mihi
858 1727 1029 1766 videtur:
1048 1740 1133 1766 nam
1151 1739 1217 1766 aut
1231 1728 1320 1767 vul-

53 1793 185 1834 garem
201 1781 238 1820 hi
251 1793 447 1820 rumorem
463 1779 577 1820 secuti
593 1779 678 1819 sunt
689 1811 700 1828 ‚
714 1792 779 1818 aut
792 1792 870 1819 non
885 1780 969 1819 satis
981 1779 1211 1820 differentiae
1224 1782 1324 1821 inter

55 1835 251 1875 videntem
266 1847 311 1874 ac
325 1847 483 1874 caecum
498 1833 602 1874 estin
617 1834 770 1872 illorum
784 1845 888 1882 arte3
903 1833 1024 1873 solent
1037 1836 1137 1873 enim
1154 1848 1324 1874 marmo.

53 1901 143 1928 reae
164 1889 306 1943 effigies
326 1888 531 1928 oculorum
561 1888 676 1927 orbes
699 1900 742 1926 ac
764 1888 943 1940 pupillam
969 1900 1058 1926 raro
1083 1890 1297 1940 exprimere
1310 1919 1325 1938 ‚

53 1955 225 1994 quorum
239 1942 368 1983 circuli
389 1954 480 1981 cum
496 1941 604 1981 suicis
625 1942 862 1994 aliquantum
880 1942 1080 1981 excavatis
1094 1942 1323 1982 describendi

55 1996 151 2043 sint,
165 1997 201 2035 id
217 2006 339 2036 totam
356 1994 489 2036 faciem
499 1993 707 2042 deformat,
723 1995 763 2034 &
777 1995 1019 2048 maligniores
1030 2027 1041 2043 ‚
1056 2009 1099 2035 ut
1113 1995 1163 2035 fic
1179 1997 1298 2035 dicam
1310 2027 1323 2045 ,

55 2051 198 2090 oculos
216 2050 389 2095 exhibet,
405 2062 521 2102 quam
537 2048 564 2087 si
581 2049 749 2088 exterior
765 2061 912 2088 tantum
932 2062 1068 2088 eorum
1085 2051 1250 2089 ambitus
1263 2049 1325 2090 so-

54 2104 116 2144 lus
128 2102 367 2144 efformetur.
380 2103 528 2142 ΚΕΗ-Ζ.

113 2160 185 2196 ead.
199 2158 223 2196 l.
238 2172 252 2196 1
263 2173 296 2211 3.
312 2160 420 2195 Μετὰ
433 2171 470 2195 τ.
483 2157 522 2196 s.
534 2156 551 2210 )
563 2156 626 2196 sic
641 2155 728 2208 lego
742 2169 815 2208 pro
827 2158 932 2194 κατὰ
945 2187 955 2204 ,
969 2156 1075 2209 quod
1089 2157 1126 2195 in
1142 2158 1322 2197 omnibus

2 2218 4 2222 ’
56 2211 160 2251 libris
170 2210 234 2251 est.
243 2211 400 2251 SOLAN.
411 2210 850 2250 Solaniemendationem
862 2209 1092 2249 confirmant
1102 2209 1185 2250 ΜΠ.
1199 2211 1324 2264 Regg.

61 2279 166 2319 2954
181 2265 219 2304 &
240 2279 310 2318 301
323 2279 356 2313 1,
370 2277 490 2317 quare
509 2263 559 2305 sic
577 2262 844 2317 rescripsimus.
864 2264 964 2303 Mox
982 2277 1031 2303 ex
1051 2262 1175 2304 iisdem
1196 2264 1322 2305 Codd.

1 2345 4 2354 .
58 2319 243 2359 edidimus
257 2319 527 2372 ἐπενηνεγμένη
539 2349 550 2366 ,
566 2331 637 2371 pro
653 2318 758 2370 vulg.
773 2318 974 2371 ἀπενηνεγ.

113 2376 188 2412 ead.
203 2374 224 2410 l.
243 2386 300 2421 14.
314 2372 506 2425 Θερσίτου)
522 2373 642 2411 Hom.
657 2371 700 2409 ll.
715 2376 757 2416 B,
778 2385 820 2409 21
832 2386 863 2410 2.
878 2371 1034 2411 SOLAN.

114 2429 188 2466 ead.
201 2427 224 2466 l.
234 2421 487 2481 155‘Ecm-sse)
501 2426 543 2466 1..
555 2425 601 2466 B.
615 2441 650 2466 2.
663 2424 703 2465 δι
715 2428 755 2466 S.
767 2424 868 2466 Cett.
882 2438 1000 2479 prave
1013 2424 1324 2477 'e‘o'nodeSOLANg
