1768 3185
271 150 359 197 IN
420 150 1119 201 TYRANNICIDAM.
1260 174 1347 223 595

70 239 134 284 οὐκ
153 242 224 285 εἰσὶ
235 273 246 292 ,
263 245 372 298 plura
392 244 608 287 testimonia
623 245 734 286 affert
746 276 757 293 ,
774 247 840 286 ubi
861 247 954 287 haec
970 247 1111 300 phrasis
1127 248 1172 287 de
1185 254 1347 291 mortuis

69 299 305 344 adhibeatur,
320 311 399 338 non
414 299 552 340 omisso
562 301 675 340 etiam
688 302 763 341 hoc
775 301 931 341 Luciani
943 302 1047 342 loco.
1060 302 1208 341 Rm-rz.

79 381 82 383 -
122 353 230 391 ead.l.
246 348 414 405 3.”Αλλῳ
428 368 482 402 τῳ
499 353 642 407 τρόπῳ)
661 354 885 394 Articulum
905 369 958 403 τῳ
981 368 1054 408 pro
1078 356 1147 395 τινὶ
1173 357 1234 396 hic
1249 359 1347 397 acci-

69 405 270 458 piendum,
285 406 388 446 recle
410 408 564 447 monuit
585 407 677 447 lens.
696 421 789 448 nota
813 408 1017 461 superiore.
1039 407 1224 460 Exempla
1245 425 1345 451 vero

71 459 149 499 vid.
165 458 359 500 Prometh.
374 473 407 500 c.
424 474 463 508 7,
484 461 618 514 ibique
641 462 855 501 Hemsterh.
877 463 986 502 Adde
998 462 1113 504 Gesn.
1129 464 1175 503 ad
1189 464 1345 517 Quom.

74 511 158 554 hist.
171 526 258 567 cap.
275 527 333 565 51·
348 513 498 554 Rter.
1345 540 1348 549 ,

124 569 198 605 ead.
210 569 233 606 l.
253 580 308 607 10.
319 567 448 607 Ἐλπὶς
459 566 524 607 τοῦ
537 567 671 621 φόβου)
684 568 801 609 Conf.
813 569 926 609 huius
946 569 1038 610 Diff.
1051 584 1084 610 c.
1099 585 1115 624 3
1135 571 1175 610 &
1192 571 1249 611 ι8.
1265 571 1346 625 Αᾴ-

70 619 118 667 de
127 620 310 672 Thucyd.
327 621 424 669 VII,
439 622 530 661 c;·61
540 651 550 668 ‚
564 621 698 675 (quem
711 623 928 662 adeundum
940 624 1152 664 Hemsterh.
1167 626 1206 664 in
1224 638 1346 678 marg.

71 674 354 728 admonuerat)
370 675 438 714 ubi
451 676 513 714 m
527 674 670 715 {mih
687 674 752 716 τοῦ
770 677 884 727 φόβου
906 676 1073 717 {imiliter
1088 678 1227 718 dicium
1239 710 1253 726 ,
1266 680 1345 719 alio
1375 679 1379 688 “

68 727 252 779 Thucyd.
269 728 488 768 testimonio
503 730 550 768 ab
564 729 737 778 Waffio,
757 731 834 770 hoc
850 730 933 784 ipso
954 744 1052 771 vero
1074 733 1234 774 Luciani
1248 733 1344 773 loco

67 781 117 821 ab
130 781 299 822 Dukero
311 782 576 822 confirmatur.
589 783 734 823 Rmz.

123 837 198 875 ead.
219 837 243 875 l.
258 850 316 876 12.
332 836 547 889 Χρωμένου)
567 837 714 877 Retulit
738 838 916 878 librarius
941 838 986 877 ad
1011 838 1342 887 συκοφαντοῦντος.

70 886 144 929 Sed
156 888 230 930 effe
241 890 352 931 debet
367 890 610 931 accusativus
623 891 772 932 iunctus
784 892 937 931 infinito
951 893 1186 946 ἀποστερεῖν.
1205 893 1341 947 Quam

70 955 241 996 pronum
256 942 371 984 fuerit
383 959 399 983 ν
415 956 564 984 mutare
577 945 613 984 in
630 960 671 992 υ,
689 958 857 999 apparet.
873 945 1000 986 GesN.

125 999 197 1036 ead.
213 999 238 1037 l.
254 998 311 1038 16.
325 999 364 1037 Εἴ
376 1012 434 1039 τις
448 993 566 1038 αὐτὸς
583 998 814 1047 ἀπέκτεινεν,
828 1001 846 1040 ii
859 1000 893 1039 εἴ
906 1015 962 1039 τις
971 999 1025 1050 μὴ
1043 997 1155 1040 adm
1164 1000 1233 1051 μὲν
1243 1001 1343 1041 ἁπέ-

69 1064 210 1100 κτεινε,
220 1051 323 1102 (anst
343 1051 389 1101 τῆ
410 1053 510 1105 χειρὶ
523 1051 661 1105 ἔδρασε
675 1057 718 1092 τὶ)
737 1052 857 1106 ἔργον,
873 1051 1070 1107 ἠνάγκασε
1085 1054 1130 1093 Σὲ
1142 1085 1152 1101 ,
1165 1056 1228 1093 καὶ
1241 1071 1342 1107 πειρ-

72 1104 191 1158 έσχεν
208 1105 370 1157 ἀφορμὴν
381 1106 446 1146 τοῦ
461 1106 586 1156 φόνου,
600 1109 653 1145 τὰ
666 1109 731 1147 ’io-:e
744 1108 808 1146 καὶ
822 1103 955 1147 τοῦτον
969 1107 1094 1158 ἀξιοῖὃ
1109 1106 1213 1158 νόμος
1227 1106 1341 1150 aij-1⁸0⁹

70 1157 407 1212 ἀντικολάζεσθαι,
429 1162 545 1210 padam
565 1160 729 1201 δικαίως.
746 1158 784 1201 οὗ
800 1163 879 1214 ’γᾶς
894 1161 1064 1206 ἐβούλετο
1079 1161 1144 1200 τοῦ
1159 1177 1341 1216 πεπραγ-

68 1212 178 1261 μένου
192 1213 268 1252 ἰἀ·ον
281 1213 491 1267 γίγνεσθαι
504 1217 547 1252 τὸ
559 1213 624 1255 τῆς
640 1215 774 1254 assim
784 1215 800 1265 )
812 1216 990 1255 Vertitur
1003 1232 1010 1255 :
1030 1215 1069 1253 Si
1080 1216 1155 1268 quis
1167 1217 1236 1268 ipse
1253 1218 1342 1256 occi-

70 1268 146 1313 dit,
158 1269 260 1320 autfi
271 1283 339 1307 non
351 1268 420 1321 ipsi
431 1270 558 1321 quidem
573 1269 711 1316 occidit,
727 1280 829 1322 neque
846 1285 951 1308 manu
964 1269 1108 1320 fizcirms
1122 1272 1266 1323 peregit,
1284 1287 1340 1310 vc-

72 1335 147 1360 rum
157 1322 334 1374 compulit,
341 1323 557 1374 praebuitque
567 1324 684 1362 mortis
695 1326 908 1375 occafionem.
923 1324 986 1362 Ex
996 1338 1102 1376 aequo
1113 1325 1147 1362 ἃ
1159 1327 1246 1363 hunc
1257 1341 1340 1377 quo-

71 1390 133 1427 que
135 1374 310 1428 supplicio
324 1375 415 1430 affici
426 1389 572 1429 oportere
584 1377 640 1415 lex
649 1378 753 1429 censet
761 1407 774 1423 ‚
790 1378 886 1430 idque
906 1378 976 1416 iure
990 1378 1125 1427 optimo.
1140 1380 1338 1418 Audaciam

70 1429 158 1468 mim
165 1427 264 1480 fhHo
275 1430 387 1469 minus
396 1432 508 1469 valere
517 1431 638 1470 noluit.
651 1431 741 1470 Non
755 1431 824 1470 nisi
837 1430 990 1471 inficete
1003 1432 1096 1471 haec
1110 1432 1244 1471 ultima
1259 1434 1340 1471 red-

68 1482 105 1521 di
126 1483 255 1530 vides,
273 1483 471 1524 Audaciam
485 1485 570 1523 enim
583 1484 679 1536 farlo
701 1486 812 1524 minus
832 1487 940 1525 valere
960 1485 1081 1524 noluit.
1104 1486 1179 1524 Ubi
1203 1487 1277 1525 hoc
1299 1488 1338 1526 in

69 1535 257 1578 Graecis?
274 1537 337 1578 An
353 1538 429 1578 ἴσον
442 1539 652 1591 ’γίγνεσὲκι
667 1538 852 1591 fignificat
865 1541 977 1578 minus
989 1540 1124 1578 valere?
1139 1538 1238 1591 Aiipoa
1248 1570 1258 1585 ‚
1273 1538 1339 1579 mi·

73 1605 137 1641 ροι.
152 1590 397 1644 Explodenda
408 1604 566 1644 quoque
579 1594 769 1632 correctio
785 1593 945 1632 Marcilii
956 1624 967 1640 ,
982 1606 1054 1645 pro
1067 1591 1106 1631 οὗ
1122 1595 1200 1646 γὰρ
1211 1594 1340 1645 legen·

67 1645 119 1685 tis
130 1644 196 1684 καὶ
208 1644 303 1697 γάρ.
315 1646 420 1685 Nihil
431 1646 490 1685 hic
505 1646 771 1687 intellexerunt
783 1647 875 1686 boni
889 1647 977 1685 viri.
994 1647 1033 1685 [d
1046 1646 1130 1686 vult
1143 1647 1339 1698 Tyranni-

68 1698 170 1739 cida:
185 1699 279 1739 duas
291 1699 365 1740 effe
384 1700 508 1740 caedis
529 1699 684 1747 causa5‚
698 1701 848 1753 legibus
867 1700 1101 1752 praefinitas;
1123 1699 1150 1738 fi
1170 1702 1253 1752 quis
1274 1701 1337 1739 vel

69 1751 146 1804 ipse
159 1753 364 1800 occiderit,
383 1755 446 1794 vel
467 1767 545 1794 non
561 1753 639 1806 ipse
652 1755 804 1806 quidem
826 1753 891 1792 sua
906 1766 1020 1792 manu
1034 1783 1046 1799 ,
1063 1752 1124 1792 sed
1142 1755 1336 1806 coegerit,

71 1806 281 1859 mortisque
295 1807 538 1847 occasionem
551 1808 781 1860 praebuerit.
791 1807 849 1846 Ex
862 1820 990 1859 aequo
1005 1807 1045 1846 &
1058 1807 1162 1846 hunc
1176 1820 1336 1859 quoque

69 1860 218 1913 puniri,
232 1859 386 1900 censere
399 1861 540 1913 legem:
556 1862 596 1901 δι
618 1861 771 1912 quidem
791 1862 825 1900 id
841 1862 924 1901 iure
938 1860 1087 1901 censere
1106 1861 1241 1913 legem.
1262 1863 1337 1900 Ne·

71 1929 134 1967 que
141 1915 230 1954 ‘enim
245 1914 394 1967 (pergit
413 1915 476 1954 ille
487 1944 498 1962 ,
513 1927 611 1966 quae
625 1915 676 1954 ita
689 1915 872 1954 vertenda
891 1913 1002 1966 sunt)
1017 1915 1127 1954 voluit
1147 1916 1206 1953 lex
1218 1945 1231 1960 ,
1250 1918 1337 1964 eius,

71 1969 130 2020 qui
146 1971 343 2007 tantundem
354 1968 569 2019 commisbrit,
587 1968 650 2021 effe
669 1970 923 2020 impunitatem,·
939 1969 1012 2009 hoc
1024 1968 1098 2014 est,
1116 1968 1239 2007 noluit
1253 1968 1335 2016 lex,

71 2022 110 2061 id
126 2023 313 2075 impunite
330 2022 437 2062 abire
457 2022 593 2070 alicui,
608 2025 675 2074 qui
694 2024 805 2076 plane
821 2024 877 2071 id,
899 2023 1002 2075 quod
1017 2022 1221 2061 secundum
1235 2022 1337 2074 leges

70 2076 185 2116 etiam
206 2077 340 2116 caedes
356 2074 544 2121 censetur,
565 2078 854 2129 perpetraverit.
873 2081 918 2114 Τὸ
939 2075 1005 2116 τῆς
1019 2076 1168 2123 atsaiw,
1185 2075 1256 2114 usu
1276 2077 1336 2115 lo·

70 2130 211 2182 quendi
223 2130 386 2171 Graecis
398 2129 601 2175 tritiffimo,
612 2129 666 2169 est
678 2131 800 2171 hocin
814 2131 906 2170 loco
917 2131 1113 2182 impunitas.
1131 2129 1336 2181 Praecipue

72 2193 202 2223 autem
212 2184 365 2224 videtur
377 2184 572 2225 Marcilius
582 2197 673 2223 cum
686 2186 888 2237 interprete
897 2183 1089 2223 offendisse
1101 2184 1146 2222 ad
1159 2198 1337 2236 πεπραγ-

48 2270 56 2274 ,
71 2238 314 2290 girumquod
332 2251 404 2290 pro
423 2236 502 2290 ipso
517 2236 619 2277 facio
639 2251 802 2290 uterque
814 2237 977 2290 adspexit
988 2252 1000 2285 3
1019 2238 1083 2277 ubi
1097 2237 1335 2288 πεπραγμέ-

72 2305 127 2329 νος
144 2290 251 2343 (nam
265 2292 303 2331 in
317 2290 527 2331 masculino
541 2292 602 2331 hic
613 2293 887 2345 πεπραγμένου
902 2292 1058 2344 dicitur)
1072 2291 1114 2329 sit
1129 2290 1205 2342 ipse
1222 2292 1336 2329 inter-

73 2343 299 2394 fe&0r‚hoc
310 2346 520 2397 quidemin
533 2345 633 2385 loco.
648 2345 862 2398 Saepissime
883 2345 1022 2386 Graeci
1037 2344 1206 2397 perfeeto
1227 2342 1336 2395 paffi-

75 2410 131 2438 νο
146 2411 219 2449 pro
232 2398 364 2438 affivo
377 2408 551 2438 utuntur.
565 2400 758 2439 Lucianus
772 2400 806 2438 id
820 2399 908 2453 facit
923 2397 1065 2451 paffim.
1081 2398 1140 2437 Sic
1157 2398 1192 2436 in
1209 2398 1336 2449 Nigri-

72 2463 126 2494 no
140 2453 155 2502 §
175 2466 220 2494 ιο
233 2465 242 2493 ;
260 2453 315 2494 Σὺ
329 2455 410 2507 γὰρ
421 2453 550 2507 ὀλίγα,
566 2454 631 2494 καὶ
645 2454 718 2494 ὅπα.
730 2450 798 2494 οἷὸν
808 2467 852 2494 τε
869 2455 922 2500 ἡν,
935 2453 1148 2545 τυῖχέινεις
1158 2450 1206 2505 τῇ
1217 2448 1342 2503 μνῦμῃ

1025 2520 1049 2559 p
1081 2520 1101 2544 2
