1841 3180
484 157 581 208 4„
689 138 1563 188 ANNoTATloNES

488 246 563 269 mus
573 229 703 283 5fi’dre
714 231 793 284 ἱρβτ
809 230 882 270 &c.
898 229 960 268 Sic
973 228 1010 267 in
1024 227 1222 267 Revivisc.
1238 240 1270 267 c.
1287 228 1311 267 6
1322 258 1331 271 ,
1352 227 1461 281 Λόγῳ
1474 228 1544 278 μὲν
1557 229 1622 280 ἐμὲ
1639 231 1770 282 {inoff-
1829 214 1833 222 Ι

490 299 530 323 σι
552 284 619 325 τῆς
643 284 878 336 ἀνθολογίας·
898 286 942 321 τὸ
958 282 1002 321 δὲ
1019 281 1151 321 ἀληθὲς
1166 279 1278 332 ὑμᾶς.
1295 282 1373 321 Ubi
1390 282 1520 322 rursus
1535 284 1632 324 male
1648 286 1771 326 intera
1816 322 1820 329 ,

487 351 577 391 pres
592 352 600 377 :
615 354 726 392 meque
738 339 888 378 oratione
903 338 944 375 ob
960 336 1233 388 hocflorilegium
1246 338 1492 382 commendant,
1505 338 1606 377 immo
1617 354 1694 379 vero
1703 355 1769 380 vos
1831 337 1840 344 ’

489 392 593 445 ipsbs.
609 392 779 432 Debuit:
793 393 891 430 verbo
910 391 1040 443 quidem
1063 405 1110 428 me
1130 390 1327 429 collaudant
1339 392 1381 428 ob
1389 392 1592 442 florilegium
1602 408 1619 440 ;
1633 409 1665 431 re
1685 409 1768 434 vera

490 461 567 486 vos.
584 447 627 486 In
649 447 820 486 Timone
842 458 875 484 c.
896 444 918 482 8
935 444 1027 483 dixit
1043 457 1114 496 pro
1130 456 1179 483 eo
1201 444 1357 483 Lucian.
1374 444 1525 484 Οὺτωσὶ
1542 445 1610 495 μὲν
1635 448 1768 497 εἰπεῖν,

490 501 532 540 δι
554 496 601 539 ὣς
620 499 665 539 δὲ
690 499 828 540 ἀληθεῖ
843 499 958 552 λόγῳ.
980 498 1022 537 L.
1047 498 1145 536 Bos.
1172 498 1287 536 Hunc
1306 498 1464 537 Luciani
1486 499 1616 538 locum
1641 501 1770 542 laudat
1834 498 1841 506 ’

490 555 605 593 etiam
621 553 772 593 Duker.
794 553 839 592 ad
859 552 1044 602 Thucyd.
1060 552 1177 596 VIII,
1194 565 1226 591 c.
1242 566 1313 603 92,
1329 552 1371 591 δι
1386 565 1434 591 ex
1457 552 1535 592 aliis
1553 553 1770 606 Thucydid.

490 608 588 647 locis
600 621 762 660 quoque
775 607 903 652 docet,
915 611 960 645 τὸ
978 605 1110 645 ἀληθὲς
1124 606 1163 645 &
1177 605 1243 644 τὴν
1257 602 1427 646 ἀλήθειαν
1442 606 1551 657 saepe
1563 610 1711 661 opponi
1728 609 1771 649 fi-

490 661 693 702 mulationi
705 691 717 708 ‚
731 662 974 713 προφάσει-
994 659 1035 699 &
1051 660 1170 713 λόγῳ,
1189 670 1231 698 ut
1248 659 1305 698 VI
1320 690 1333 705 ‚
1352 674 1414 712 33,
1430 660 1470 699 δι
1491 660 1544 701 ΙΙ,
1561 676 1624 709 41·
1650 663 1767 703 Addo

490 713 648 755 Isocrat.
662 715 812 756 Nicocl.
831 729 867 768 p.
881 715 932 765 76
944 745 954 762 ‚
967 712 1037 752 Τοῦ
1054 713 1237 759 βασιλέως
1250 713 1302 762 τῴ
1314 713 1380 764 μὲν
1394 713 1499 768 λόγῳ
1519 714 1768 768 διηλλαγμέ-

491 783 551 807 νου
562 798 573 814 ,
588 768 639 820 τῇ
656 769 694 809 δ’
706 770 859 819 ἀληθείᾳ
869 770 1045 822 τραχέως
1061 766 1223 820 ἔχοντος.
1238 767 1354 806 Plura
1367 768 1444 807 vid.
1457 781 1518 822 ap.
1536 769 1612 809 Iac.
1626 770 1768 812 Elsner.

488 823 537 862 ad
552 822 622 877 Ep.
637 823 682 863 ad
693 822 840 864 Coloff.
858 836 892 862 c.
907 837 949 871 2,
965 838 1024 875 23.
1039 822 1185 861 Rfflrz.

545 880 619 917 ead.
633 878 656 918 l.
672 892 705 931 3.
722 877 987 930 Ἀναῤῥίψομεν
1001 879 1062 916 τὸν
1074 875 1201 927 κύβον)
1215 875 1306 916 Vid.
1319 875 1584 930 Paroemiogr.
1598 876 1660 919 Sic
1677 888 1770 933 pag.'

491 931 583 980 604.
597 932 648 984 (i.
659 945 691 972 e.
708 945 781 985 pro
797 932 940 984 Imagg,
955 944 986 971 c.
1005 930 1084 984 16.)
1096 931 1271 970 Bonan.

545 992 619 1025 ead.
632 986 656 1024 l.
674 1000 689 1025 1
702 1000 733 1025 1.
747 985 818 1025 Τὴν
833 984 983 1038 λευκὴν)
996 984 1058 1024 De
1071 985 1129 1024 his
1145 984 1301 1024 calculis
1314 997 1374 1024 res
1390 995 1494 1024 nota.
1511 985 1683 1026 BOURD.

546 1042 619 1079 ead.
633 1040 656 1079 l.
672 1054 686 1078 1
696 1055 731 1089 4.
746 1036 840 1080 Αὗτὸ
857 1038 1032 1092 δοιῤῥεῖν)
1046 1039 1082 1078 Ν
1086 1052 1137 1078 οη
1153 1038 1263 1079 facile
1280 1049 1376 1091 puto
1391 1052 1439 1078 ex
1458 1038 1514 1078 his
1526 1041 1657 1081 verbis
1668 1040 1685 1095 (
1695 1040 1767 1092 κᾷιᾰ

494 1093 589 1134 κεῖνο
605 1093 651 1133 δὲ
672 1092 710 1134 νὺ
726 1095 801 1133 Δία,
815 1094 967 1146 προσέτι
983 1093 1047 1132 καὶ
1064 1089 1168 1141 αῧτῷ
1184 1092 1330 1146 ὒαῤῥεῖν
1345 1093 1466 1140 ποιεῖ,
1480 1096 1525 1132 τὸ
1543 1094 1597 1144 μὴ
1613 1096 1766 1135 ’παντά-

491 1163 617 1188 πασιν
635 1148 833 1200 ἀλλότριον
853 1148 967 1198 τάμὰ
988 1143 1080 1187 εἶναι’
1102 1144 1187 1200 ἀοι)
1203 1147 1438 1186 concinnum
1461 1149 1542 1187 erui
1563 1148 1668 1201 poffe
1689 1149 1768 1190 sen-

490 1201 586 1241 sum.
601 1202 675 1242 Sed
687 1202 821 1242 videor
834 1202 926 1241 mihi
940 1200 1169 1241 veriffimam
1184 1200 1372 1242 assecutus
1384 1199 1623 1253 scripturam,
1636 1204 1703 1243 ubi
1716 1204 1769 1244 Ie-

492 1256 614 1309 gerim
624 1287 637 1303 ,
653 1255 798 1306 κᾴκεῖνο
811 1255 855 1296 ἑὲ
870 1256 907 1297 νὴ
921 1255 998 1295 Δία
1009 1260 1162 1307 προσέτι
1177 1256 1242 1294 καὶ
1257 1250 1350 1294 αὐτὸ
1366 1256 1515 1308 ῧαρῥεῑν
1526 1256 1642 1306 ποιεῖ,
1657 1261 1700 1296 τ“ο
1708 1258 1766 1309 μὴ

491 1311 752 1351 «παντάπασιν
773 1310 956 1362 ἀλλότριοι
975 1311 1088 1359 τάμὰ
1102 1305 1194 1350 εἶναι’
1207 1324 1275 1349 σοι.
1295 1308 1457 1349 Dixerat
1475 1310 1692 1359 Lucianus,
1707 1313 1767 1352 vi-

491 1378 580 1405 rum
597 1365 701 1405 illum
715 1365 926 1418 principem
937 1394 946 1411 ,
962 1365 1024 1404 cui
1038 1364 1104 1404 uni
1119 1363 1156 1404 se
1171 1364 1336 1416 probare
1349 1364 1528 1417 gestiebat
1539 1396 1551 1413 ‚
1568 1379 1766 1419 quemque

491 1432 615 1460 unum
635 1419 705 1458 fibi
719 1418 830 1458 instar
850 1419 1027 1458 omnium
1042 1418 1128 1458 fore
1140 1419 1301 1465 dixerat,
1317 1417 1465 1470 semper
1480 1419 1609 1458 album
1627 1420 1668 1460 δι
1690 1421 1766 1461 ser-

489 1485 650 1514 vantem
666 1473 795 1513 secum
817 1472 915 1513 ferre
935 1472 1148 1521 calculum,
1163 1484 1279 1526 atque
1299 1473 1396 1512 adeo
1416 1471 1451 1512 se
1466 1487 1627 1527 magno,
1644 1477 1712 1527 qui
1727 1474 1766 1516 se

491 1528 717 1581 ceteroquin
739 1527 779 1567 in
801 1527 959 1580 negotio
984 1528 1078 1567 tanti
1101 1527 1287 1567 momenti
1304 1526 1478 1580 suscepto
1497 1540 1696 1581 gravaret,
1717 1531 1766 1570 ti·

495 1596 605 1622 more
618 1583 751 1621 levari.
768 1584 838 1620 Sed
843 1580 991 1634 profesto
1002 1611 1013 1629 ,
1032 1583 1173 1635 pergit,
1187 1582 1275 1620 illud
1285 1597 1413 1635 quoque
1427 1582 1535 1634 ipfhm
1549 1598 1599 1621 me
1615 1585 1765 1636 amplius

493 1639 684 1687 confirmat,
698 1639 792 1689 quod
799 1653 848 1675 res
863 1652 952 1676 meae
961 1652 1027 1675 non
1035 1637 1122 1687 sunt
1134 1652 1157 1674 a
1168 1649 1198 1674 te
1207 1636 1347 1689 prorsus
1365 1636 1508 1675 alienae.
1519 1635 1626 1676 IENS.
1641 1635 1762 1692 Αὗτδ)

491 1691 644 1731 Vorstii
663 1691 705 1731 δι
716 1689 824 1730 lenfii
842 1690 1147 1730 emendationem
1162 1689 1293 1729 firmat
1305 1690 1346 1729 L.
1359 1689 1516 1730 Codicis
1531 1691 1765 1740 aueoritas,

489 1745 530 1785 in
543 1759 625 1798 quo
636 1758 710 1798 pro
722 1745 967 1798 vulgatarum
980 1740 1082 1794 αὐτῷ
1092 1745 1248 1798 legitur,
1260 1756 1303 1783 ut
1315 1744 1375 1784 hic
1386 1775 1395 1791 ‚
1408 1740 1514 1783 αὐτό.
1527 1745 1685 1786 SOLAN.

547 1803 621 1840 ead.
635 1800 658 1838 l.
675 1811 689 1837 1
702 1811 733 1851 ς.
744 1797 979 1851 Ἀλλὸτριον)
993 1798 1174 1839 Vorstius
1187 1800 1228 1838 &
1240 1797 1384 1838 Iensxus
1396 1797 1582 1851 ἀλλότρια
1595 1800 1766 1843 mallent.

489 1853 577 1907 Ego
590 1853 682 1893 nihil
697 1864 823 1893 muto.
834 1853 992 1893 SOLAN.
1004 1852 1126 1894 Βεξὶε
1138 1852 1225 1893 fecit
1237 1852 1416 1899 Solanus,
1428 1853 1493 1906 qui
1504 1853 1596 1892 nihil
1610 1855 1672 1895 hic
1683 1869 1764 1896 mu-

488 1909 650 1949 taverit:
666 1921 752 1947 nam
763 1937 775 1955 ,
795 1906 863 1947 etsi
875 1908 1017 1947 mirum
1033 1907 1230 1947 nonnullis
1242 1907 1447 1953 videbitur,
1461 1906 1685 1960 singularem
1709 1911 1763 1950 ita

488 1964 644 2016 adiungi
657 1962 816 2016 plurali,
830 1973 958 2002 tamen
970 1960 1023 2001 est
1035 1960 1277 2002 Graecismus
1290 1974 1428 2009 verus,
1442 1963 1508 2014 qui
1518 1964 1662 2015 exponi
1678 1975 1764 2017 pot-

488 2016 542 2056 est
561 2031 630 2071 per
642 2015 786 2069 ellipsin
802 2015 960 2070 χρῆμα,
981 2016 1046 2055 vel
1068 2016 1126 2064 τὶ,
1148 2026 1193 2056 ut
1211 2014 1418 2068 significet,
1441 2031 1532 2055 meas
1553 2033 1605 2056 res
1620 2018 1679 2056 tibi
1696 2019 1759 2069 ff

486 2072 636 2111 alienum
649 2072 738 2124 quid.
758 2070 886 2122 Quod
898 2070 1033 2110 eodem
1050 2070 1168 2110 modo
1182 2071 1336 2123 Belgice
1350 2068 1559 2124 efferimus.
1573 2069 1759 2126 Exempla

486 2138 537 2165 ex
550 2125 710 2167 Graecis
723 2124 945 2165 auetoribus
958 2123 1101 2178 possem
1116 2125 1206 2165 dare
1220 2124 1319 2164 haud
1335 2137 1476 2177 pauca,
1497 2123 1558 2165 sed
1569 2123 1760 2168 sufficiant
1781 2152 1783 2155 .

486 2179 695 2233 sequentia.
710 2178 852 2219 Noster
873 2177 987 2232 supra
1000 2208 1009 2222 ,
1027 2180 1147 2218 ZeuX.
1162 2192 1193 2219 c.
1208 2192 1233 2227 4
1246 2208 1255 2226 ‚
1276 2173 1347 2217 οἷ’ὂν
1365 2178 1455 2218 εἰσιν
1467 2176 1595 2219 ἵπποι.
1607 2179 1758 2222 Aelian.

488 2233 541 2273 V.
558 2235 609 2274 H.
630 2234 707 2281 ΙΙΙ,
726 2247 758 2281 1,
779 2247 815 2286 p.
831 2246 881 2272 m.
898 2233 986 2283 167,
1002 2234 1170 2286 Λέγεται
1181 2232 1226 2272 δὲ
1239 2234 1294 2272 τέι
1307 2229 1439 2272 {isam
1453 2232 1585 2272 ταῦτα
1597 2234 1662 2273 καὶ
1680 2234 1760 2275 τοῖς

487 2290 730 2338 λουσαμένοις
745 2287 889 2341 ἀγαθὸν
902 2283 1006 2326 εἶναι.
1027 2288 1216 2340 Hippoer.
1235 2286 1332 2327 Se&
1344 2287 1362 2326 Ι
1374 2317 1385 2334 ,
1401 2286 1506 2337 Aph.
1523 2299 1584 2338 15,
1598 2288 1756 2337 Σημεῖον

487 2342 531 2381 αἱ
545 2340 689 2383 §minim
700 2372 711 2389 ,
726 2343 791 2381 καὶ
803 2341 833 2381 οἱ
843 2341 1213 2392 ἀθληταριΤΙίυεγά.
1230 2340 1268 2388 1,
1283 2342 1321 2388 6,
1335 2341 1488 2390 Σημεῖον
1500 2340 1538 2379 θ’
1553 2341 1634 2380 ἐστὶ
1653 2341 1757 2381 ταῦ-

488 2410 542 2435 τα
559 2395 629 2436 τῆς
646 2395 839 2436 ‘Emesam
861 2396 961 2435 Nam
985 2396 1075 2445 quia
1097 2405 1278 2434 neutrum
1301 2395 1448 2447 plurale
1467 2404 1569 2434 amat
1589 2395 1757 2438 verbum

486 2448 692 2504 singulare,
708 2450 795 2492 ideo
811 2451 886 2492 iam
903 2448 1124 2496 indifferens
1140 2450 1234 2498 erit,
1258 2461 1351 2490 num
1371 2459 1530 2504 propter
1544 2449 1626 2493 ἐστὶ
1643 2449 1757 2495 addas
