1768 3185
131 97 204 149 IN
225 100 572 172 QUOMODO
591 98 751 147 HIST.
776 98 1153 146 SITCONSCR.
1227 115 1316 165 527

49 189 97 231 λὺ
113 190 291 230 κολακεία
302 187 514 230 ὕποκεῖτοιι.
527 188 575 239 ‘rip'
587 189 632 228 «Γὲ
646 186 906 242 ’γυμναστικῇ
918 190 1028 227 κατὰ
1040 190 1103 226 τον
1115 185 1226 228 αὐτὸν
1241 192 1319 241 7ρὸ-

48 259 118 286 πον
127 242 272 291 τοῦτον,
285 242 303 284 ἦ
319 242 558 292 κομμωτικη,
569 243 776 297 κακοῦργός
788 258 830 282 τε
840 243 904 281 καὶ
917 242 1118 288 acrarum),
1131 243 1195 281 καὶ
1208 244 1320 296 ἀγεν-

49 298 126 344 νὴς,
138 297 201 335 aa}
215 296 457 349 ἀνελεύθερος,
472 295 655 349 σχήμασί
666 311 710 336 τε
727 296 788 334 καὶ
802 297 981 349 χρώμασι
997 295 1061 334 καὶ
1080 296 1243 335 λειότητι
1253 298 1319 336 καὶ

49 349 224 390 otiabitur
237 350 451 390 ἀπατῶσιν
461 346 558 389 ὥστε
568 349 698 396 ποιεῖν,
707 349 897 401 ἀλλότριον
910 347 1050 388 κάλλος
1061 350 1321 399 ἐφελκομένους

41 401 116 444 σοῦ
131 403 257 442 οἰκείου
271 404 338 442 τοῦ
352 404 419 443 διὰ,
431 403 495 443 τῆς
507 402 771 456 ’γυμναστικῆς
785 402 937 454 ἀμελεῖν
951 403 1025 443 &c.
1049 403 1210 442 SOLAN.

99 460 175 496 ead.
187 458 211 496 l.
229 471 289 497 12.
301 456 544 509 Ἀλεξάνδρου
561 455 669 509 γοῦν)
685 457 879 495 Alexandri
891 457 1022 495 dietum.
1040 456 1209 497 GUYET.

102 512 176 550 ead.
192 511 216 549 l.
238 524 294 563 13.
310 510 392 564 Ὡς)
408 510 467 550 Sic
478 510 768 550 emendavimus
784 523 855 562 pro
867 507 1029 562 vulgato
1045 510 1098 556 ὃς,
1111 511 1216 563 quod
1229 515 1322 550 cor‘i

46 574 161 617 rupte
186 564 224 602 in
243 565 423 603 omnibus
443 565 600 616 legitur,
618 574 779 616 excepta
791 564 838 602 B.
855 578 888 602 2.
912 563 953 602 In
974 564 1030 602 Μ.
1048 565 1168 617 prima
1183 577 1321 604 manus

48 618 143 658 nihil
156 617 371 670 scripserat3
394 618 561 657 additum
574 616 627 656 est
645 617 682 655 ὃς
698 617 840 669 postea.
863 617 1021 656 SOLAN.
1318 656 1321 658 ,

101 673 175 710 ead.
184 673 209 710 l.
230 685 290 720 14
308 670 560 723 Ὀνησίκριτε)
575 671 617 709 In
631 671 813 721 omnibus
825 671 930 710 libris
941 671 1001 710 hic
1013 683 1210 724 perperam
1222 671 1323 724 lege*

48 725 164 765 batur
174 724 444 776 Ὀνησίκρατες,
453 725 559 777 quod
572 724 775 765 necessario
787 724 1010 764 mutandum
1026 723 1106 764 fuit.
1116 725 1214 764 Nam
1228 723 1322 764 eius-

46 779 134 819 dem
150 778 323 818 meminit
336 779 374 817 in
389 782 550 830 manufac.
566 778 676 826 14,&
688 778 726 817 in
740 783 824 828 Περ.
836 791 870 817 c.
883 778 1020 828 25‚ubi
1032 778 1133 818 re&e
1144 780 1182 817 in
1195 780 1323 818 omni-

47 832 122 872 bus
134 831 304 872 scribitur
322 832 585 883 Ὀνησίκριτος,
607 832 712 884 quod
732 845 868 871 verum
889 831 962 871 effe
974 831 1044 871 viri
1060 832 1158 871 illius
1175 845 1321 872 nomen

49 885 92 926 &
105 886 168 926 alii
180 885 384 938 scriptores
396 885 546 925 abunde
556 885 754 933 testantur,
765 885 942 938 quamvis
958 886 996 924 in
1007 885 1220 926 eonomine
1229 899 1322 926 cum

48 940 149 993 apud
168 939 355 986 Graecos,
376 951 459 979 tum
480 940 638 978 Latinos
662 938 866 990 scriptores
884 937 1104 992 frequenter
1123 939 1167 978 fit
1187 950 1325 991 peccas

48 1003 145 1033 t-um.
161 993 231 1046 (V.
245 993 398 1046 La-mpr.
414 993 453 1032 in
465 993 674 1032 Commod.
688 1006 720 1032 c.
737 1007 770 1040 1,
785 994 823 1032 δι
839 992 953 1032 Salm.
966 993 1081 1046 nott.)
1094 993 1228 1033 Suidas
1239 993 1324 1034 Pla-

47 1048 152 1088 tonis
166 1047 399 1087 imitatorem
413 1046 519 1086 fuiffe
535 1047 660 1085 tradit.
680 1046 799 1099 Diog.
817 1047 928 1085 etiam
943 1047 1068 1087 Laert.
1085 1046 1324 1100 philosophis

49 1099 240 1148 accenset,
252 1115 288 1154 p.
302 1100 388 1152 158.
405 1100 566 1141 Curtius
577 1102 689 1140 etiam
705 1100 876 1140 meminit
890 1101 956 1146 lx,
973 1114 1032 1149 ιο,
1045 1101 1082 1140 δι
1093 1101 1164 1146 XI,
1184 1116 1197 1140 1
1209 1101 1324 1142 .Scri-

50 1155 175 1208 pserat
187 1155 428 1195 Onesicritus
440 1155 646 1194 Alexandri
665 1167 723 1193 res
739 1153 878 1207 gestas,
901 1155 1037 1194 eodem
1049 1153 1222 1204 confilio,
1237 1168 1324 1208 quo

49 1209 274 1262 Xenophon
286 1208 579 1261 Cyropaediam
597 1208 701 1248 suam
712 1238 722 1253 ,
741 1208 786 1247 ad
800 1220 915 1261 quam
930 1220 1113 1260 tanquam
1127 1209 1324 1260 exemplar

49 1260 306 1316 composuisse
320 1262 528 1302 Alexandri
542 1262 670 1302 laudes
687 1262 823 1302 dicitur
837 1261 984 1301 aSuida
1000 1263 1038 1302 «St
1051 1262 1216 1302 La'e'rtio.
1226 1263 1325 1315 Qua

49 1316 254 1358 occasione
276 1314 362 1355 sunt
386 1316 537 1370 prolata
553 1316 762 1356 Alexandri
775 1316 912 1363 verba,
936 1329 1034 1368 quae
1048 1317 1108 1356 hic
1128 1316 1321 1370 leguntur.

51 1371 224 1412 Mutavit
240 1381 370 1410 autem
385 1371 441 1410 ed.
459 1370 504 1410 P.
519 1383 660 1410 nomen
674 1370 774 1409 illius
792 1370 867 1408 viri
886 1370 922 1408 in
936 1371 1203 1422 Θνηο-ίκροιτες,
1215 1372 1325 1424 quod

50 1437 132 1466 non
152 1437 350 1464 monerem
362 1455 373 1472 ,
389 1424 611 1464 &incuriae
623 1424 965 1477 typographorum
980 1425 1208 1476 imputarem
1221 1454 1232 1471 ‚
1253 1425 1326 1466 nist

50 1479 103 1519 ita
115 1477 267 1519 vertisse
279 1478 393 1518 etiam
405 1479 583 1518 viderem.
596 1478 734 1517 Strabo
747 1477 933 1531 permulta
944 1491 992 1516 ex
1002 1479 1084 1518 eius
1096 1478 1248 1518 historia
1260 1479 1327 1521 ha-

51 1533 117 1574 bet
132 1533 206 1573 XV
225 1533 265 1572 δι
276 1532 388 1585 XVI.
399 1531 497 1572 Plut.
508 1532 623 1571 etiam
639 1532 678 1570 in
691 1531 802 1571 Alex.
815 1531 886 1571 Sed
897 1532 996 1584 apud
1010 1531 1112 1571 hunc
1125 1533 1240 1572 etiam
1254 1545 1326 1573 va-

51 1587 151 1627 riant
161 1587 397 1640 quandoque
410 1584 493 1625 'libri
509 1600 520 1634 ;
540 1585 769 1638 plerumque
783 1595 911 1625 tamen
926 1586 1135 1637 Oneficritus
1148 1587 1264 1632 audit,
1281 1598 1326 1630 ut

59 1639 159 1681 1282
175 1639 200 1680 f.
219 1640 266 1680 V.
279 1641 393 1680 etiam
411 1640 479 1693 583
496 1639 519 1679 f.
535 1639 576 1679 δι
596 1654 683 1693 591,
698 1653 731 1678 2.
747 1638 897 1679 Gellius
907 1640 1022 1678 etiam
1037 1641 1254 1691 Onesicritum
1267 1654 1329 1680 re-

51 1694 113 1735 &e
123 1704 238 1735 vocat
249 1694 319 1741 IX,
325 1709 366 1743 -4.
383 1693 542 1734 Sol-AN.
560 1692 818 1733 Onesicritum
835 1693 950 1738 hunc,
966 1694 1271 1746 hyperbolarum
1284 1694 1327 1734 δε

55 1749 343 1789 mendaciorum
359 1761 438 1788 non
453 1749 597 1793 minus,
612 1761 727 1800 quam
740 1747 947 1785 Alexandri
962 1747 972 1784 i
1004 1746 1092 1796 sius,
1103 1747 1333 1800 ἀρχικυβερς,

53 1799 162 1844 νήτην
175 1802 333 1842 noscere
350 1801 457 1842 facile
471 1803 542 1841 iam
557 1801 608 1840 est
624 1814 671 1840 ex
682 1801 839 1840 Fabricii
853 1800 946 1840 Bibl.
1005 1814 1032 1839 r.
1053 1815 1094 1853 3,
1113 1801 1136 1839 8
1149 1828 1162 1847 ,
1183 1815 1218 1853 p.
1235 1815 1326 1854 223.

53 1857 222 1896 Videbat
240 1856 484 1901 Alexander,
510 1855 589 1894 illas
611 1852 945 1907 masagam-yla«,-
968 1853 1135 1894 sustineri
1157 1855 1330 1907 aliquan-¹

52 1920 158 1957 tum,
172 1911 263 1950 dum
276 1908 352 1962 ipse
364 1911 515 1949 viveret
528 1941 539 1958 ,
565 1908 724 1948 ridiculo
738 1904 884 1947 futuras
897 1939 908 1954 ,
922 1907 958 1946 se
972 1919 1144 1948 mortuo.
1168 1908 1302 1949 stN.

108 1967 183 2004 ead.
196 1966 221 2003 l.
244 1977 259 2003 1
271 1977 304 2017 5.
321 1962 665 2016 Ἀναγινώσκουσιν)
681 1962 848 2001 Postulat
859 1962 1038 2001 sententia
1054 1961 1244 2002 futurum.
1267 1963 1333 2002 In-

55 2017 144 2058 vitis
165 2028 293 2058 tamen
315 2018 496 2057 omnibus
520 2017 622 2056 libris
648 2016 846 2056 noluimus
868 2026 1078 2055 mutatum:
1106 2016 1326 2069 praesertim

55 2085 145 2114 cum
160 2073 257 2112 adeo
271 2070 455 2125 discrepet
467 2072 513 2109 ab
527 2071 598 2109 bac
610 2068 806 2122 scriptura.
831 2069 990 2110 SOLAN.

111 2127 204 2177 Pag.
218 2126 342 2173 2041.
356 2139 393 2175 7.
411 2123 593 2176 Τοιοῦτος)
616 2123 651 2162 N
656 2135 744 2163 otae
758 2122 842 2163 sunt
857 2123 936 2162 sive
951 2123 1185 2163 characteres
1205 2122 1326 2163 histo-

57 2179 149 2226 rici,
164 2180 209 2219 de
228 2179 370 2232 quibus
381 2178 494 2219 Cic.l
516 2178 560 2217 de
581 2179 652 2228 leg.
667 2177 706 2217 &
719 2178 764 2216 de
775 2177 887 2216 Orat.
906 2177 1026 2219 Strab.
1045 2177 1108 2216 lib.
1125 2192 1161 2224 1,
1185 2177 1328 2229 Polyb.

58 2233 123 2274 lib.
145 2247 204 2279 12,
220 2233 380 2286 Niceph.
397 2232 516 2284 Greg.
534 2231 691 2284 princip.
711 2231 839 2271 histor.
865 2232 1037 2270 Eoum).

113 2287 194 2326 ibid.
220 2286 494 2341 Συγγραφεὺς)
519 2285 733 2325 Historicus
752 2286 857 2325 omni
871 2297 974 2324 metu
988 2297 1116 2324 carere
1128 2284 1256 2332 debet,
1277 2284 1329 2324 di-

60 2341 168 2381 cendi
180 2340 392 2380 libertatem
414 2353 457 2380 ac
470 2341 670 2379 veritatem
697 2351 848 2390 amare,
869 2350 914 2380 ut
936 2338 982 2379 sit
1005 2351 1096 2382 vere
1113 2339 1331 2394 παῤῥησισιτ

62 2393 170 2438 svis.
185 2393 311 2436 Cicer.
333 2409 354 2435 2
373 2395 419 2436 de
431 2393 542 2436 Orat.
571 2393 715 2435 COGN.
