1841 3180
493 117 584 182 3ss
691 118 1572 168 ANNoTATtoNES

491 207 648 248 Codicis
662 209 708 248 ad
728 210 906 249 Hermot.
925 210 1157 260 pertinentes
1177 209 1348 262 profert,
1363 222 1439 250 tam
1463 211 1671 253 notabilem
1691 217 1764 254 vai

489 263 691 302 riationem
716 275 781 303 aut
802 264 1081 304 correctionem
1105 263 1287 303 omiserit.
1311 265 1371 304 Re
1393 279 1492 306 veto
1518 268 1762 316 examinata,

489 328 578 355 cum
602 318 748 356 Solano
772 319 886 357 credo
906 316 1044 356 «πασῶν
1066 316 1288 370 legendum,
1308 320 1398 371 quia
1415 320 1636 372 intelligitur
1655 320 1762 370 ὃὲὣν,

491 370 537 409 de
551 371 693 422 quibus
707 371 815 423 supra
831 372 924 423 egit,
939 371 980 411 &
997 384 1088 411 mox
1104 384 1216 424 agere
1229 383 1383 424 perget3
1399 386 1486 412 nam
1503 373 1623 413 statim
1637 373 1762 428 sequi-

490 434 554 463 tur
575 423 668 475 μιᾶς
691 426 906 477 ἀπείρατοι,
926 426 967 465 &
989 446 1034 456 -
1054 427 1185 476 ἀριστη
1202 426 1325 465 ἐκείνη.
1345 427 1390 466 Et
1413 439 1470 478 pr.
1486 427 1503 477 §
1519 427 1597 480 seq.
1611 429 1703 479 μίαν
1717 428 1762 482 ἐξ

491 477 655 517 ἁπασῶν
672 477 766 517 ὁδόν.
791 479 868 518 Iam
891 492 1051 531 quoque
1074 479 1163 518 illud
1176 476 1294 529 αὐτῷ,
1316 481 1422 532 quod
1445 481 1622 534 vulgatae
1636 478 1761 523 αὐτῶν

490 532 677 584 praestare
691 543 866 582 putares,
881 532 1016 585 sponte
1029 534 1206 572 concidit.
1224 533 1349 586 Quod
1364 534 1464 573 enim
1477 535 1516 574 S.
1529 535 1633 585 αὐτῷ’
1644 536 1762 589 legat,

489 586 530 624 &
545 598 593 624 ex
606 598 650 623 ea
664 586 775 636 Amsl.
791 587 825 625 id
848 600 1056 640 operarum
1081 599 1230 626 tantum
1257 588 1497 628 aberratione
1514 588 1655 629 factum
1677 603 1763 630 cre-

489 639 540 677 do
551 653 562 685 3
578 639 668 691 quia
690 641 728 678 in
742 639 920 680 versione
934 640 1046 681 eiusd.
1068 641 1222 689 Latina,
1242 654 1366 694 aeque
1384 654 1428 682 ac
1447 644 1486 681 in
1500 643 1614 695 Paris}
1630 653 1761 684 tamen

489 691 632 744 legitur
644 694 687 731 ab
701 694 781 732 illis.
796 694 952 734 Interim
966 726 976 741 ‚
990 694 1017 733 sl
1039 696 1127 747 quis
1140 696 1290 735 πάντων
1304 696 1350 734 ad
1363 697 1449 736 viae
1462 696 1576 737 duces
1586 727 1599 744 ‚
1613 697 1660 737 de
1673 698 1761 751 qui-

487 745 560 785 bus
576 746 689 799 supra
707 789 709 791 ,
728 747 869 787 referre
889 749 1003 795 velit,
1022 750 1126 800 quod
1149 751 1342 801 Mydgum
1363 747 1435 789 ὑπὸ
1458 750 1529 791 τῶν
1549 749 1641 791 §sav
1658 751 1761 792 inso-

485 800 625 840 lentius
643 802 830 848 videatur,
843 803 884 842 δι
900 804 985 842 viae
1000 802 1025 841 s.
1039 802 1158 842 festae
1172 803 1234 842 hic
1251 816 1329 842 non
1345 815 1385 843 ut
1401 803 1583 855 personae
1594 805 1760 858 loquen-

488 865 546 893 tes
558 856 803 903 inducantur,
816 869 894 896 non
910 858 982 896 iam
994 857 1103 896 nimis
1116 870 1324 909 repugnem
1336 871 1349 905 3
1362 856 1422 896 sed
1434 859 1500 911 qui
1512 858 1646 898 πασῶν
1656 872 1762 912 prae·

482 907 595 954 feret,
611 922 681 960 pro
695 908 767 949 ὑπὸ
782 910 882 961 legat
896 908 1003 962 ὑπὲρ,
1016 912 1055 950 δι
1071 911 1122 951 fic
1134 913 1265 950 omnia
1281 912 1395 964 plana
1405 923 1532 952 erunt.
1549 912 1691 953 Rmz.

540 964 620 1001 ibid.
643 959 794 1012 Αὐτῶν)
821 964 1068 1005 Restituenda
1090 965 1144 1004 est
1166 965 1398 1018 postliminio
1416 965 1562 1007 sincera
1581 967 1695 1008 lectio
1709 979 1761 1007 ex

485 1016 654 1070 antiquis
666 1017 894 1058 editionibus
903 1049 915 1065 ,
928 1018 971 1058 ‘O
984 1023 1036 1057 τὺ.
1049 1017 1120 1058 ὑπὸ
1134 1021 1288 1059 πάντων
1299 1017 1422 1059 αὐτῶν
1435 1021 1627 1074 λεγόμενοι
1639 1020 1762 1062 sisae.

485 1070 721 1111 Posteriores
735 1086 932 1124 perperam
949 1074 1135 1113 dederunt
1152 1069 1266 1124 αὐτῷ·
1290 1075 1395 1124 quod
1411 1074 1508 1114 idem
1530 1073 1703 1115 fecerunt
1723 1089 1760 1115 c.

490 1138 534 1177 53
551 1125 685 1165 fin‚'‘Hv
700 1125 744 1164 ἐξ
757 1128 843 1166 τοὺς
864 1124 929 1166 οὐκ
942 1127 1097 1166 aaaron
1111 1129 1240 1180 λέγῃς,
1255 1125 1358 1167 οὐθέν
1379 1142 1419 1166 τι
1434 1131 1480 1167 τὸ
1504 1127 1642 1169 πλῆθος
1654 1127 1760 1180 aar&

482 1178 721 1231 πρεσάξεταί
731 1195 783 1230 με
798 1181 1003 1228 πιστεύειν,
1015 1195 1104 1220 cum
1120 1181 1221 1221 re&e
1232 1182 1269 1220 in
1282 1182 1479 1234 prioribus
1489 1180 1624 1223 αὗτῶν.
1645 1184 1686 1222 Si
1700 1198 1762 1222 ve·

484 1248 523 1273 ro
538 1235 577 1271 dc
589 1234 749 1285 imperitis
765 1235 931 1288 loquaris,
947 1235 1034 1274 nihil
1053 1252 1102 1275 me
1122 1249 1236 1275 eorum
1249 1236 1430 1276 multitudo
1449 1238 1590 1277 adducet
1603 1265 1615 1285 ,
1631 1250 1673 1276 ut
1689 1253 1761 1278 cre-

484 1289 574 1327 dam.
591 1287 694 1327 IENS.

538 1345 609 1380 ead.
626 1343 649 1380 l.
661 1356 699 1391 7.
715 1341 897 1396 Ἀτελεῖς)
913 1342 1123 1382 Pendebam
1138 1343 1275 1392 animi,
1293 1342 1418 1384 ἀτελνῖ
1428 1357 1476 1384 ne
1487 1343 1548 1384 hic
1559 1356 1759 1398 putarem,

483 1409 602 1448 quem
623 1396 940 1447 interpretatione
959 1396 1118 1450 expressi
1132 1428 1144 1443 ‚
1164 1411 1279 1450 quem
1294 1397 1445 1437 Romae
1460 1399 1635 1438 dicebant
1649 1401 1760 1452 capite

479 1449 637 1501 censum,
664 1451 729 1503 qui
750 1464 839 1490 cum
864 1451 955 1489 nihil
977 1450 1151 1491 conferat
1168 1452 1214 1490 ad
1235 1452 1534 1505 rempublicam,
1560 1465 1688 1506 neque
1710 1452 1758 1493 ad

479 1503 660 1557 suffragia
675 1505 900 1550 admittitur,
922 1518 1048 1558 neque
1070 1506 1260 1545 honorem
1276 1504 1426 1558 sperare
1450 1506 1595 1558 potest3
1616 1519 1667 1546 an
1687 1522 1758 1547 non

479 1558 683 1597 initiatum?
703 1559 774 1598 Sed
795 1573 882 1599 cum
907 1559 1020 1598 huius
1040 1559 1252 1599 intellectus
1273 1559 1379 1599 nulla
1393 1561 1484 1600 dum
1505 1561 1617 1600 allata
1630 1560 1675 1600 sit
1688 1574 1759 1601 au·

478 1612 640 1652 &oritas
652 1643 663 1659 ‚
676 1611 781 1666 isque
802 1614 930 1666 potius
945 1614 1123 1653 videatur
1137 1612 1211 1652 effe
1228 1614 1448 1661 ἀτέλεστος,
1466 1614 1584 1654 mansi
1604 1615 1641 1654 in
1655 1613 1757 1656 sole-

479 1668 561 1705 mni
575 1667 687 1706 vocis
701 1666 768 1706 usu
781 1698 790 1715 ‚
808 1669 957 1720 quique
969 1668 1117 1720 optime
1131 1669 1204 1707 huc
1220 1665 1347 1707 faciat.
1359 1667 1487 1708 GESN.

537 1723 613 1759 ead.
629 1722 649 1759 l.
670 1734 727 1770 14.
745 1719 840 1760 Αὐτὸ
855 1726 960 1771 μόνον
974 1721 991 1775 )
1006 1722 1130 1770 Libri,
1149 1735 1248 1775 quos
1267 1720 1517 1774 inspeximus,
1535 1734 1671 1762 omnes
1685 1718 1757 1762 αὖ·

480 1775 524 1811 τὸ
537 1805 549 1823 ,
568 1775 676 1827 quod
693 1776 895 1827 quomodo
918 1777 1128 1816 convenire
1145 1776 1219 1816 huc
1233 1775 1366 1828 possit,
1381 1777 1554 1816 nondum
1574 1777 1755 1829 equidem

477 1829 616 1877 video,
631 1828 695 1867 nist
715 1828 816 1869 forte
829 1830 875 1868 ad
892 1831 998 1880 μόνον
1012 1829 1212 1876 referatur,
1232 1831 1273 1870 ὅ(
1288 1831 1365 1869 vim
1386 1830 1484 1870 illius
1505 1841 1646 1883 augeat
1654 1844 1667 1879 ;
1688 1843 1757 1871 cu-

479 1882 539 1922 ius
555 1894 683 1923 tamen
696 1884 751 1923 rei
765 1884 986 1937 exemplum
1000 1884 1122 1924 adhuc
1134 1884 1281 1924 nullum
1294 1883 1514 1925 observavi.
1525 1884 1756 1939 Interpreta-

478 1946 543 1976 tus
556 1937 636 1976 sum
650 1968 661 1985 ‚
675 1950 719 1977 ac
732 1937 759 1976 s1
774 1938 922 1990 legatur
936 1934 1062 1977 αὐτοῦ.
1075 1938 1201 1979 GESN.
1442 1979 1452 1989 l

533 1992 626 2043 Pag.
642 1992 705 2031 62.
729 1995 752 2030 l.
777 1992 812 2031 8.
826 1992 1033 2046 Τελευτῶν)
1053 1992 1238 2032 Τελευτῶν
1252 2023 1263 2039 ,
1283 1992 1441 2045 denique,
1452 1993 1612 2046 postremo
1634 1991 1753 2032 inter-

477 2057 652 2100 pretatur
667 2046 695 2085 1.
711 2046 828 2085 Brod.
846 2046 952 2086 Misc.
966 2047 1021 2086 IX
1034 2078 1043 2095 ,
1059 2059 1093 2086 c.
1111 2048 1154 2085 16
1166 2078 1176 2095 ,
1192 2047 1497 2087 circumssedens
1510 2045 1752 2096 ultimam‚&

475 2100 528 2140 fic
544 2100 821 2153 Lexicographi
836 2115 924 2140 cum
938 2113 1010 2140 eo:
1030 2101 1113 2140 edd.
1126 2113 1222 2140 vero
1238 2101 1266 2139 Ι.
1282 2100 1338 2140 Η.
1355 2102 1401 2140 Ρ.
1414 2103 1452 2140 S.
1463 2099 1679 2140 constanter
1692 2101 1753 2140 ul-

473 2155 607 2194 timam
623 2167 779 2194 accentu
797 2156 905 2207 gravi
920 2154 1090 2208 signant,
1107 2168 1216 2195 more
1228 2155 1412 2194 adverbii.
1428 2154 1572 2195 Utrum
1585 2154 1727 2195 refflus
1739 2184 1753 2202 ‚
1798 2192 1800 2194 .

475 2208 573 2248 mihi
587 2222 665 2248 non
678 2208 823 2262 liquet,
843 2209 1135 2248 circumflexum
1151 2220 1276 2249 tamen
1296 2209 1488 2248 veriorem
1501 2208 1638 2254 credo,
1658 2209 1752 2260 quia

475 2263 715 2318 participium
731 2262 801 2309 est,
816 2262 882 2302 etsi
899 2263 1004 2316 quasi
1020 2263 1286 2302 adverbialiter
1299 2261 1533 2303 sumendum.
1551 2262 1698 2302 Rsssz.

530 2318 610 2356 ibid.
625 2317 762 2370 osu)
783 2317 853 2356 Per
874 2319 977 2357 viam
1001 2318 1061 2357 hic
1083 2317 1364 2370 intelligendam
1383 2319 1529 2364 Sestum,
1549 2329 1590 2356 ut
1605 2317 1643 2355 in
1656 2314 1746 2358 Aa.

476 2370 610 2423 Apost.
632 2370 713 2417 IX,
738 2386 779 2418 2,
801 2371 882 2410 Ἐέιν
904 2386 1011 2411 τινας
1032 2368 1108 2421 εὕρῃ
1130 2370 1194 2411 τῆς
1213 2370 1298 2410 ὂέοῦ
1321 2372 1433 2410 ’ὄντας
1455 2369 1596 2422 ἄνθρας
1617 2384 1660 2409 τε
1681 2370 1752 2410 καὶ

471 2424 681 2477 γυναῖκας,
694 2426 818 2468 veluti
830 2425 919 2466 ibid.
931 2439 962 2466 c.
977 2425 1125 2475 xxiv,
1142 2439 1189 2474 14
1199 2454 1209 2474 ,
1227 2424 1361 2466 diserte
1376 2425 1528 2474 dicitur,
1544 2423 1628 2465 5305
1643 2422 1683 2466 ἢν
1693 2423 1754 2464 λέ·
