<?xml version="1.0" encoding="UTF-8"?>
<!DOCTYPE html PUBLIC "-//W3C//DTD XHTML 1.0 Transitional//EN"
    "http://www.w3.org/TR/xhtml1/DTD/xhtml1-transitional.dtd">
<html xmlns="http://www.w3.org/1999/xhtml" xml:lang="en" lang="en">
 <head>
  <title>
</title>
<meta http-equiv="Content-Type" content="text/html;charset=utf-8" />
  <meta name='ocr-system' content='tesseract 3.04.00' />
  <meta name='ocr-capabilities' content='ocr_page ocr_carea ocr_par ocr_line ocrx_word'/>
</head>
<body>
  <div class='ocr_page' id='page_1' title='image "./operagraeceetlat04luciuoft/operagraeceetlat04luciuoft_0442.png"; bbox 0 0 1841 3180; ppageno 0'>
   <div class='ocr_carea' id='block_1_1' title="bbox 461 126 1569 193">
    <p class='ocr_par' dir='ltr' id='par_1_1' title="bbox 461 126 1569 193">
     <span class='ocr_line' id='line_1_1' title="bbox 461 126 1569 193; baseline 0.002 -17"><span class='ocrx_word' id='word_1_1' title='bbox 461 146 561 193; x_wconf 80' lang='lat'><strong>434</strong></span> <span class='ocrx_word' id='word_1_2' title='bbox 664 126 1569 185; x_wconf 28' lang='lat' dir='ltr'><strong>ANNOTATIONES-</strong></span> 
     </span>
    </p>
   </div>
   <div class='ocr_carea' id='block_1_2' title="bbox 461 216 1749 2438">
    <p class='ocr_par' dir='ltr' id='par_1_2' title="bbox 519 216 1746 273">
     <span class='ocr_line' id='line_1_2' title="bbox 519 216 1746 273; baseline 0.002 -14"><span class='ocrx_word' id='word_1_3' title='bbox 519 222 592 259; x_wconf 73' lang='lat' dir='ltr'><strong>ead.</strong></span> <span class='ocrx_word' id='word_1_4' title='bbox 609 221 632 259; x_wconf 91' lang='lat' dir='ltr'><strong>l.</strong></span> <span class='ocrx_word' id='word_1_5' title='bbox 644 220 680 260; x_wconf 89' lang='lat'><strong>6.</strong></span> <span class='ocrx_word' id='word_1_6' title='bbox 701 219 794 258; x_wconf 73' lang='grc' dir='ltr'><strong>Κατ’</strong></span> <span class='ocrx_word' id='word_1_7' title='bbox 806 218 927 272; x_wconf 62' lang='grc' dir='ltr'>ὀλίγον</span> <span class='ocrx_word' id='word_1_8' title='bbox 937 217 1117 271; x_wconf 68' lang='grc' dir='ltr'><strong>ἀγείρων)</strong></span> <span class='ocrx_word' id='word_1_9' title='bbox 1130 217 1183 256; x_wconf 90' lang='lat' dir='ltr'><strong>V.</strong></span> <span class='ocrx_word' id='word_1_10' title='bbox 1198 216 1297 270; x_wconf 85' lang='lat' dir='ltr'><strong>supr.</strong></span> <span class='ocrx_word' id='word_1_11' title='bbox 1311 217 1462 273; x_wconf 82' lang='lat' dir='ltr'><strong>Catapl.</strong></span> <span class='ocrx_word' id='word_1_12' title='bbox 1477 233 1509 260; x_wconf 90' lang='lat' dir='ltr'><strong>c.</strong></span> <span class='ocrx_word' id='word_1_13' title='bbox 1527 233 1585 269; x_wconf 92' lang='lat'><strong>17.</strong></span> <span class='ocrx_word' id='word_1_14' title='bbox 1599 216 1746 261; x_wconf 74' lang='lat' dir='ltr'><strong>Rmrz.</strong></span> 
     </span>
    </p>

    <p class='ocr_par' dir='ltr' id='par_1_3' title="bbox 461 272 1749 974">
     <span class='ocr_line' id='line_1_3' title="bbox 517 272 1747 327; baseline 0.002 -14"><span class='ocrx_word' id='word_1_15' title='bbox 517 276 601 314; x_wconf 84' lang='lat' dir='ltr'><strong>ibid.</strong></span> <span class='ocrx_word' id='word_1_16' title='bbox 613 275 681 326; x_wconf 62' lang='grc' dir='ltr'><strong>Ἀ)</strong></span> <span class='ocrx_word' id='word_1_17' title='bbox 693 276 787 325; x_wconf 73' lang='grc' dir='ltr'>είρων</span> <span class='ocrx_word' id='word_1_18' title='bbox 805 275 868 312; x_wconf 68' lang='grc' dir='ltr'><strong>καὶ</strong></span> <span class='ocrx_word' id='word_1_19' title='bbox 884 275 1033 324; x_wconf 55' lang='lat' dir='ltr'><strong>omme)</strong></span> <span class='ocrx_word' id='word_1_20' title='bbox 1041 272 1103 324; x_wconf 85' lang='grc' dir='ltr'><strong>ων)</strong></span> <span class='ocrx_word' id='word_1_21' title='bbox 1119 273 1229 311; x_wconf 88' lang='lat' dir='ltr'><strong>Haec</strong></span> <span class='ocrx_word' id='word_1_22' title='bbox 1242 274 1362 312; x_wconf 87' lang='lat' dir='ltr'><strong>verba</strong></span> <span class='ocrx_word' id='word_1_23' title='bbox 1372 304 1385 320; x_wconf 91' lang='lat'>,</span> <span class='ocrx_word' id='word_1_24' title='bbox 1407 274 1532 313; x_wconf 75' lang='grc' dir='ltr'>οὔκουν</span> <span class='ocrx_word' id='word_1_25' title='bbox 1547 272 1647 327; x_wconf 71' lang='grc' dir='ltr'>ἠξίου</span> <span class='ocrx_word' id='word_1_26' title='bbox 1659 275 1747 315; x_wconf 65' lang='lat' dir='ltr'><strong>stec-</strong></span> 
     </span>
     <span class='ocr_line' id='line_1_4' title="bbox 463 323 1748 382; baseline -0.001 -13"><span class='ocrx_word' id='word_1_27' title='bbox 463 327 568 379; x_wconf 74' lang='grc' dir='ltr'><strong>σπᾷν</strong></span> <span class='ocrx_word' id='word_1_28' title='bbox 582 331 624 368; x_wconf 71' lang='grc' dir='ltr'><strong>το</strong></span> <span class='ocrx_word' id='word_1_29' title='bbox 639 326 810 382; x_wconf 65' lang='grc' dir='ltr'>πρᾶγμα</span> <span class='ocrx_word' id='word_1_30' title='bbox 821 357 833 373; x_wconf 89' lang='grc'>,</span> <span class='ocrx_word' id='word_1_31' title='bbox 850 323 920 366; x_wconf 55' lang='lat' dir='ltr'><strong>aas</strong></span> <span class='ocrx_word' id='word_1_32' title='bbox 925 326 939 364; x_wconf 83' lang='grc' dir='ltr'>ὲ</span> <span class='ocrx_word' id='word_1_33' title='bbox 954 328 1062 364; x_wconf 63' lang='grc' dir='ltr'><strong>κατὰ</strong></span> <span class='ocrx_word' id='word_1_34' title='bbox 1076 325 1255 378; x_wconf 57' lang='grc' dir='ltr'>ἓιαίρεσιν</span> <span class='ocrx_word' id='word_1_35' title='bbox 1270 323 1366 366; x_wconf 69' lang='grc' dir='ltr'>οὕτω</span> <span class='ocrx_word' id='word_1_36' title='bbox 1381 328 1470 367; x_wconf 68' lang='grc' dir='ltr'><strong>κατ’</strong></span> <span class='ocrx_word' id='word_1_37' title='bbox 1484 329 1612 382; x_wconf 69' lang='grc' dir='ltr'>ὀλίγον</span> <span class='ocrx_word' id='word_1_38' title='bbox 1631 329 1748 382; x_wconf 61' lang='grc' dir='ltr'>ἀγεί-</span> 
     </span>
     <span class='ocr_line' id='line_1_5' title="bbox 461 379 1748 435; baseline 0.002 -15"><span class='ocrx_word' id='word_1_39' title='bbox 461 398 527 435; x_wconf 68' lang='grc' dir='ltr'><strong>ρων</strong></span> <span class='ocrx_word' id='word_1_40' title='bbox 540 383 605 422; x_wconf 69' lang='grc' dir='ltr'><strong>καὶ</strong></span> <span class='ocrx_word' id='word_1_41' title='bbox 625 388 820 434; x_wconf 62' lang='grc' dir='ltr'>συλλέγων</span> <span class='ocrx_word' id='word_1_42' title='bbox 841 380 908 419; x_wconf 72' lang='grc' dir='ltr'><strong>τὴν</strong></span> <span class='ocrx_word' id='word_1_43' title='bbox 922 379 1078 432; x_wconf 62' lang='grc' dir='ltr'>γνῶσιν,</span> <span class='ocrx_word' id='word_1_44' title='bbox 1094 380 1287 428; x_wconf 88' lang='lat' dir='ltr'><strong>videntur,</strong></span> <span class='ocrx_word' id='word_1_45' title='bbox 1307 381 1461 421; x_wconf 82' lang='lat' dir='ltr'><strong>ratione</strong></span> <span class='ocrx_word' id='word_1_46' title='bbox 1477 381 1688 422; x_wconf 90' lang='lat' dir='ltr'><strong>locutionis</strong></span> <span class='ocrx_word' id='word_1_47' title='bbox 1705 396 1748 423; x_wconf 87' lang='lat' dir='ltr'><strong>e-</strong></span> 
     </span>
     <span class='ocr_line' id='line_1_6' title="bbox 465 432 1747 488; baseline 0 -12"><span class='ocrx_word' id='word_1_48' title='bbox 465 438 667 476; x_wconf 82' lang='lat' dir='ltr'><strong>mendatae</strong></span> <span class='ocrx_word' id='word_1_49' title='bbox 689 435 904 488; x_wconf 85' lang='lat' dir='ltr'><strong>postulante</strong></span> <span class='ocrx_word' id='word_1_50' title='bbox 917 462 927 480; x_wconf 88' lang='lat'>‚</span> <span class='ocrx_word' id='word_1_51' title='bbox 945 432 997 472; x_wconf 90' lang='lat' dir='ltr'><strong>s1c</strong></span> <span class='ocrx_word' id='word_1_52' title='bbox 1009 432 1096 481; x_wconf 71' lang='lat' dir='ltr'><strong>jesse</strong></span> <span class='ocrx_word' id='word_1_53' title='bbox 1116 433 1377 481; x_wconf 85' lang='lat' dir='ltr'><strong>rescribenda,</strong></span> <span class='ocrx_word' id='word_1_54' title='bbox 1399 436 1524 475; x_wconf 80' lang='grc' dir='ltr'>οὔκουν</span> <span class='ocrx_word' id='word_1_55' title='bbox 1542 434 1643 488; x_wconf 70' lang='grc' dir='ltr'>ἠξίου</span> <span class='ocrx_word' id='word_1_56' title='bbox 1659 435 1747 476; x_wconf 51' lang='lat' dir='ltr'><strong>3⁸1ae-</strong></span> 
     </span>
     <span class='ocr_line' id='line_1_7' title="bbox 463 484 1746 544; baseline -0.003 -13"><span class='ocrx_word' id='word_1_57' title='bbox 463 490 567 541; x_wconf 73' lang='grc' dir='ltr'><strong>σπᾷν</strong></span> <span class='ocrx_word' id='word_1_58' title='bbox 577 493 622 529; x_wconf 68' lang='grc' dir='ltr'><strong>τὸ</strong></span> <span class='ocrx_word' id='word_1_59' title='bbox 639 491 832 542; x_wconf 67' lang='grc' dir='ltr'><strong>πρᾶγμα,</strong></span> <span class='ocrx_word' id='word_1_60' title='bbox 851 484 937 527; x_wconf 59' lang='grc' dir='ltr'><strong>οὖὲὲ</strong></span> <span class='ocrx_word' id='word_1_61' title='bbox 957 490 1065 526; x_wconf 69' lang='grc' dir='ltr'><strong>κατὰ</strong></span> <span class='ocrx_word' id='word_1_62' title='bbox 1077 486 1260 539; x_wconf 61' lang='grc' dir='ltr'>ἓιοιίρεσιν</span> <span class='ocrx_word' id='word_1_63' title='bbox 1276 484 1375 527; x_wconf 74' lang='grc' dir='ltr'>οὕτω</span> <span class='ocrx_word' id='word_1_64' title='bbox 1390 490 1478 528; x_wconf 69' lang='grc' dir='ltr'><strong>κατ’</strong></span> <span class='ocrx_word' id='word_1_65' title='bbox 1490 491 1620 542; x_wconf 69' lang='grc' dir='ltr'>ὀλίγον</span> <span class='ocrx_word' id='word_1_66' title='bbox 1637 490 1746 544; x_wconf 55' lang='grc' dir='ltr'>ἀγεί-</span> 
     </span>
     <span class='ocr_line' id='line_1_8' title="bbox 461 541 1749 598; baseline -0.001 -14"><span class='ocrx_word' id='word_1_67' title='bbox 461 559 533 598; x_wconf 77' lang='grc' dir='ltr'>ρειν</span> <span class='ocrx_word' id='word_1_68' title='bbox 545 544 609 583; x_wconf 68' lang='grc' dir='ltr'><strong>καὶ</strong></span> <span class='ocrx_word' id='word_1_69' title='bbox 624 546 831 596; x_wconf 61' lang='grc' dir='ltr'>συλλέγειν</span> <span class='ocrx_word' id='word_1_70' title='bbox 844 542 908 581; x_wconf 55' lang='grc' dir='ltr'><strong>τὴν</strong></span> <span class='ocrx_word' id='word_1_71' title='bbox 924 541 1073 594; x_wconf 68' lang='grc' dir='ltr'><strong>’γνῶσιν-</strong></span> <span class='ocrx_word' id='word_1_72' title='bbox 1084 542 1194 581; x_wconf 81' lang='lat' dir='ltr'><strong>noluit</strong></span> <span class='ocrx_word' id='word_1_73' title='bbox 1214 541 1321 593; x_wconf 80' lang='lat' dir='ltr'><strong>igitur</strong></span> <span class='ocrx_word' id='word_1_74' title='bbox 1335 543 1385 581; x_wconf 79' lang='lat' dir='ltr'><strong>ita</strong></span> <span class='ocrx_word' id='word_1_75' title='bbox 1412 559 1477 583; x_wconf 82' lang='lat' dir='ltr'><strong>rem</strong></span> <span class='ocrx_word' id='word_1_76' title='bbox 1489 545 1680 597; x_wconf 83' lang='lat' dir='ltr'><strong>discerpere,</strong></span> <span class='ocrx_word' id='word_1_77' title='bbox 1694 561 1749 584; x_wconf 80' lang='lat' dir='ltr'><strong>ne-</strong></span> 
     </span>
     <span class='ocr_line' id='line_1_9' title="bbox 463 596 1744 652; baseline 0.002 -16"><span class='ocrx_word' id='word_1_78' title='bbox 463 614 526 652; x_wconf 77' lang='lat' dir='ltr'><strong>que</strong></span> <span class='ocrx_word' id='word_1_79' title='bbox 534 597 720 651; x_wconf 79' lang='lat' dir='ltr'><em>partitione</em></span> <span class='ocrx_word' id='word_1_80' title='bbox 731 597 793 635; x_wconf 83' lang='lat' dir='ltr'><strong>tali</strong></span> <span class='ocrx_word' id='word_1_81' title='bbox 808 596 998 635; x_wconf 77' lang='lat' dir='ltr'><em>minutatim</em></span> <span class='ocrx_word' id='word_1_82' title='bbox 1010 597 1161 647; x_wconf 80' lang='lat' dir='ltr'><em>colligere</em></span> <span class='ocrx_word' id='word_1_83' title='bbox 1172 596 1208 634; x_wconf 66' lang='lat' dir='ltr'><strong>Ee·</strong></span> <span class='ocrx_word' id='word_1_84' title='bbox 1218 611 1410 649; x_wconf 82' lang='lat' dir='ltr'><strong>comparare</strong></span> <span class='ocrx_word' id='word_1_85' title='bbox 1409 598 1479 649; x_wconf 83' lang='lat' dir='ltr'><strong>fibi</strong></span> <span class='ocrx_word' id='word_1_86' title='bbox 1480 597 1631 649; x_wconf 82' lang='lat' dir='ltr'><strong>fhmam.</strong></span> <span class='ocrx_word' id='word_1_87' title='bbox 1642 599 1744 638; x_wconf 84' lang='lat' dir='ltr'><strong>Nam</strong></span> 
     </span>
     <span class='ocr_line' id='line_1_10' title="bbox 461 648 1748 705; baseline 0 -14"><span class='ocrx_word' id='word_1_88' title='bbox 461 652 650 705; x_wconf 80' lang='lat' dir='ltr'><strong>quamvis</strong></span> <span class='ocrx_word' id='word_1_89' title='bbox 662 651 860 704; x_wconf 83' lang='lat' dir='ltr'><strong>participia</strong></span> <span class='ocrx_word' id='word_1_90' title='bbox 875 648 988 703; x_wconf 81' lang='lat' dir='ltr'><strong>saepe</strong></span> <span class='ocrx_word' id='word_1_91' title='bbox 1007 662 1205 702; x_wconf 84' lang='lat' dir='ltr'><strong>ponantur</strong></span> <span class='ocrx_word' id='word_1_92' title='bbox 1219 662 1293 703; x_wconf 87' lang='lat' dir='ltr'><strong>pro</strong></span> <span class='ocrx_word' id='word_1_93' title='bbox 1307 650 1528 699; x_wconf 84' lang='lat' dir='ltr'><strong>infinitivis,</strong></span> <span class='ocrx_word' id='word_1_94' title='bbox 1544 662 1586 692; x_wconf 84' lang='lat' dir='ltr'><strong>ut</strong></span> <span class='ocrx_word' id='word_1_95' title='bbox 1605 651 1748 693; x_wconf 84' lang='lat' dir='ltr'><strong>Gram-</strong></span> 
     </span>
     <span class='ocr_line' id='line_1_11' title="bbox 464 703 1747 760; baseline 0.002 -16"><span class='ocrx_word' id='word_1_96' title='bbox 464 706 592 746; x_wconf 84' lang='lat' dir='ltr'><strong>matici</strong></span> <span class='ocrx_word' id='word_1_97' title='bbox 621 705 836 758; x_wconf 70' lang='lat' dir='ltr'><strong>loquuntur</strong></span> <span class='ocrx_word' id='word_1_98' title='bbox 849 733 861 750; x_wconf 93' lang='lat'><em>‚</em></span> <span class='ocrx_word' id='word_1_99' title='bbox 893 703 954 743; x_wconf 88' lang='lat' dir='ltr'><strong>hic</strong></span> <span class='ocrx_word' id='word_1_100' title='bbox 984 714 1114 743; x_wconf 88' lang='lat' dir='ltr'><strong>tamen</strong></span> <span class='ocrx_word' id='word_1_101' title='bbox 1136 703 1269 744; x_wconf 87' lang='lat' dir='ltr'><strong>locum</strong></span> <span class='ocrx_word' id='word_1_102' title='bbox 1289 717 1370 744; x_wconf 91' lang='lat' dir='ltr'><strong>non</strong></span> <span class='ocrx_word' id='word_1_103' title='bbox 1389 705 1552 746; x_wconf 89' lang='lat' dir='ltr'><strong>habent:</strong></span> <span class='ocrx_word' id='word_1_104' title='bbox 1580 708 1747 760; x_wconf 87' lang='lat' dir='ltr'><strong>pendent</strong></span> 
     </span>
     <span class='ocr_line' id='line_1_12' title="bbox 463 756 1747 814; baseline 0.001 -15"><span class='ocrx_word' id='word_1_105' title='bbox 463 760 566 800; x_wconf 85' lang='lat' dir='ltr'><strong>enim</strong></span> <span class='ocrx_word' id='word_1_106' title='bbox 582 759 629 798; x_wconf 86' lang='lat' dir='ltr'><strong>ab</strong></span> <span class='ocrx_word' id='word_1_107' title='bbox 645 756 745 810; x_wconf 69' lang='grc' dir='ltr'>ἠξίου</span> <span class='ocrx_word' id='word_1_108' title='bbox 759 760 823 797; x_wconf 72' lang='grc' dir='ltr'><strong>καὶ</strong></span> <span class='ocrx_word' id='word_1_109' title='bbox 837 756 938 798; x_wconf 54' lang='lat' dir='ltr'><strong>owe.</strong></span> <span class='ocrx_word' id='word_1_110' title='bbox 958 756 1044 814; x_wconf 68' lang='lat' dir='ltr'><strong>Nec</strong></span> <span class='ocrx_word' id='word_1_111' title='bbox 1061 756 1219 804; x_wconf 87' lang='lat' dir='ltr'><strong>dubito,</strong></span> <span class='ocrx_word' id='word_1_112' title='bbox 1234 759 1326 811; x_wconf 89' lang='lat' dir='ltr'><strong>quin</strong></span> <span class='ocrx_word' id='word_1_113' title='bbox 1339 772 1424 812; x_wconf 84' lang='lat' dir='ltr'><strong>pag.</strong></span> <span class='ocrx_word' id='word_1_114' title='bbox 1440 774 1453 798; x_wconf 89' lang='lat'>1</span> <span class='ocrx_word' id='word_1_115' title='bbox 1466 759 1511 798; x_wconf 85' lang='lat'><strong>18</strong></span> <span class='ocrx_word' id='word_1_116' title='bbox 1529 758 1573 799; x_wconf 82' lang='lat' dir='ltr'><strong>fit</strong></span> <span class='ocrx_word' id='word_1_117' title='bbox 1586 759 1747 800; x_wconf 90' lang='lat' dir='ltr'><strong>scriben-</strong></span> 
     </span>
     <span class='ocr_line' id='line_1_13' title="bbox 463 810 1746 865; baseline 0.002 -12"><span class='ocrx_word' id='word_1_118' title='bbox 463 815 571 862; x_wconf 87' lang='lat' dir='ltr'>dum,</span> <span class='ocrx_word' id='word_1_119' title='bbox 590 812 622 852; x_wconf 87' lang='grc' dir='ltr'><strong>οἱ</strong></span> <span class='ocrx_word' id='word_1_120' title='bbox 637 813 682 852; x_wconf 60' lang='grc' dir='ltr'><strong>Σὲ</strong></span> <span class='ocrx_word' id='word_1_121' title='bbox 696 812 737 853; x_wconf 73' lang='grc' dir='ltr'><strong>ἐκ</strong></span> <span class='ocrx_word' id='word_1_122' title='bbox 749 812 822 852; x_wconf 72' lang='grc' dir='ltr'><strong>τῶν</strong></span> <span class='ocrx_word' id='word_1_123' title='bbox 836 813 915 851; x_wconf 65' lang='grc' dir='ltr'><strong>ἀπὸ</strong></span> <span class='ocrx_word' id='word_1_124' title='bbox 927 810 992 850; x_wconf 72' lang='grc' dir='ltr'><strong>της</strong></span> <span class='ocrx_word' id='word_1_125' title='bbox 1003 812 1245 865; x_wconf 66' lang='grc' dir='ltr'><strong>πανηγύρεως</strong></span> <span class='ocrx_word' id='word_1_126' title='bbox 1259 810 1283 852; x_wconf 75' lang='grc' dir='ltr'>ιὶ</span> <span class='ocrx_word' id='word_1_127' title='bbox 1293 811 1416 853; x_wconf 66' lang='grc' dir='ltr'><strong><em>ω’ντων</em></strong></span> <span class='ocrx_word' id='word_1_128' title='bbox 1430 812 1685 864; x_wconf 73' lang='grc' dir='ltr'>πυθανὸμενοι.</span> <span class='ocrx_word' id='word_1_129' title='bbox 1701 814 1746 855; x_wconf 86' lang='lat' dir='ltr'><strong>In</strong></span> 
     </span>
     <span class='ocr_line' id='line_1_14' title="bbox 463 862 1745 914; baseline 0.002 -8"><span class='ocrx_word' id='word_1_130' title='bbox 463 867 697 911; x_wconf 84' lang='lat' dir='ltr'>editionibus</span> <span class='ocrx_word' id='word_1_131' title='bbox 712 868 790 907; x_wconf 69' lang='grc' dir='ltr'><strong>ἀπὸ</strong></span> <span class='ocrx_word' id='word_1_132' title='bbox 813 879 891 906; x_wconf 90' lang='lat' dir='ltr'><strong>non</strong></span> <span class='ocrx_word' id='word_1_133' title='bbox 916 865 1096 914; x_wconf 83' lang='lat' dir='ltr'><strong>habetur,</strong></span> <span class='ocrx_word' id='word_1_134' title='bbox 1111 878 1203 906; x_wconf 88' lang='lat' dir='ltr'><strong>cum</strong></span> <span class='ocrx_word' id='word_1_135' title='bbox 1219 862 1348 907; x_wconf 61' lang='lat' dir='ltr'><strong>tafften</strong></span> <span class='ocrx_word' id='word_1_136' title='bbox 1368 866 1555 908; x_wconf 89' lang='lat' dir='ltr'><strong>sententia</strong></span> <span class='ocrx_word' id='word_1_137' title='bbox 1577 868 1654 909; x_wconf 86' lang='lat' dir='ltr'><strong>loci</strong></span> <span class='ocrx_word' id='word_1_138' title='bbox 1671 882 1745 910; x_wconf 91' lang='lat' dir='ltr'><strong>vo-</strong></span> 
     </span>
     <span class='ocr_line' id='line_1_15' title="bbox 464 920 1037 974; baseline -0.009 -11"><span class='ocrx_word' id='word_1_139' title='bbox 464 935 548 964; x_wconf 88' lang='lat' dir='ltr'><strong>cem</strong></span> <span class='ocrx_word' id='word_1_140' title='bbox 562 934 648 961; x_wconf 82' lang='lat' dir='ltr'><strong>eam</strong></span> <span class='ocrx_word' id='word_1_141' title='bbox 662 922 843 974; x_wconf 84' lang='lat' dir='ltr'><strong>requirat.</strong></span> <span class='ocrx_word' id='word_1_142' title='bbox 860 920 1037 960; x_wconf 82' lang='lat' dir='ltr'><strong>GRAEV.</strong></span> 
     </span>
    </p>

    <p class='ocr_par' dir='ltr' id='par_1_4' title="bbox 465 973 1748 1354">
     <span class='ocr_line' id='line_1_16' title="bbox 521 973 1748 1028; baseline 0.002 -14"><span class='ocrx_word' id='word_1_143' title='bbox 521 978 593 1015; x_wconf 80' lang='lat' dir='ltr'><strong>ead.</strong></span> <span class='ocrx_word' id='word_1_144' title='bbox 609 977 631 1013; x_wconf 92' lang='lat' dir='ltr'><strong>l.</strong></span> <span class='ocrx_word' id='word_1_145' title='bbox 647 989 661 1014; x_wconf 93' lang='lat'>1</span> <span class='ocrx_word' id='word_1_146' title='bbox 672 989 706 1014; x_wconf 89' lang='lat'><strong>2.</strong></span> <span class='ocrx_word' id='word_1_147' title='bbox 715 973 998 1024; x_wconf 57' lang='grc' dir='ltr'>Ὀπισδὸἓομον</span> <span class='ocrx_word' id='word_1_148' title='bbox 1011 973 1028 1027; x_wconf 91' lang='grc'>)</span> <span class='ocrx_word' id='word_1_149' title='bbox 1046 973 1111 1013; x_wconf 91' lang='lat' dir='ltr'><strong>De</strong></span> <span class='ocrx_word' id='word_1_150' title='bbox 1123 973 1304 1026; x_wconf 85' lang='lat' dir='ltr'>gradibus</span> <span class='ocrx_word' id='word_1_151' title='bbox 1317 975 1447 1028; x_wconf 89' lang='lat' dir='ltr'><strong>templi</strong></span> <span class='ocrx_word' id='word_1_152' title='bbox 1460 974 1609 1016; x_wconf 82' lang='lat' dir='ltr'><strong>habitas</strong></span> <span class='ocrx_word' id='word_1_153' title='bbox 1620 976 1687 1016; x_wconf 84' lang='lat' dir='ltr'><strong>has</strong></span> <span class='ocrx_word' id='word_1_154' title='bbox 1700 989 1748 1016; x_wconf 91' lang='lat' dir='ltr'><strong>o-</strong></span> 
     </span>
     <span class='ocr_line' id='line_1_17' title="bbox 465 1027 1748 1082; baseline 0.001 -13"><span class='ocrx_word' id='word_1_155' title='bbox 465 1031 635 1070; x_wconf 86' lang='lat' dir='ltr'><strong>rationes</strong></span> <span class='ocrx_word' id='word_1_156' title='bbox 647 1030 760 1069; x_wconf 84' lang='lat' dir='ltr'><strong>docet</strong></span> <span class='ocrx_word' id='word_1_157' title='bbox 774 1027 944 1069; x_wconf 86' lang='lat' dir='ltr'><strong>Philostr.</strong></span> <span class='ocrx_word' id='word_1_158' title='bbox 963 1041 1022 1080; x_wconf 91' lang='lat' dir='ltr'><strong>ep.</strong></span> <span class='ocrx_word' id='word_1_159' title='bbox 1039 1027 1146 1076; x_wconf 80' lang='lat' dir='ltr'><strong>xm,</strong></span> <span class='ocrx_word' id='word_1_160' title='bbox 1163 1042 1199 1081; x_wconf 89' lang='lat' dir='ltr'><strong>p.</strong></span> <span class='ocrx_word' id='word_1_161' title='bbox 1214 1042 1291 1082; x_wconf 90' lang='lat'><strong>919</strong></span> <span class='ocrx_word' id='word_1_162' title='bbox 1303 1058 1315 1075; x_wconf 90' lang='lat'><em>,</em></span> <span class='ocrx_word' id='word_1_163' title='bbox 1331 1029 1410 1068; x_wconf 69' lang='grc' dir='ltr'><strong>ἀπὸ</strong></span> <span class='ocrx_word' id='word_1_164' title='bbox 1424 1029 1489 1070; x_wconf 67' lang='grc' dir='ltr'><strong>τῆς</strong></span> <span class='ocrx_word' id='word_1_165' title='bbox 1502 1029 1569 1069; x_wconf 81' lang='grc' dir='ltr'><strong>τοῦ</strong></span> <span class='ocrx_word' id='word_1_166' title='bbox 1583 1030 1646 1070; x_wconf 78' lang='grc' dir='ltr'><strong>νεὼ</strong></span> <span class='ocrx_word' id='word_1_167' title='bbox 1657 1032 1748 1077; x_wconf 77' lang='grc' dir='ltr'>βαλ-</span> 
     </span>
     <span class='ocr_line' id='line_1_18' title="bbox 466 1082 1746 1137; baseline 0.001 -14"><span class='ocrx_word' id='word_1_168' title='bbox 466 1084 586 1131; x_wconf 62' lang='lat' dir='ltr'><strong>aises·</strong></span> <span class='ocrx_word' id='word_1_169' title='bbox 602 1085 644 1124; x_wconf 69' lang='grc' dir='ltr'><strong>δι</strong></span> <span class='ocrx_word' id='word_1_170' title='bbox 659 1085 727 1122; x_wconf 87' lang='lat' dir='ltr'><strong>vit.</strong></span> <span class='ocrx_word' id='word_1_171' title='bbox 745 1082 931 1136; x_wconf 89' lang='lat' dir='ltr'><strong>Apollon.</strong></span> <span class='ocrx_word' id='word_1_172' title='bbox 949 1082 1087 1128; x_wconf 76' lang='lat' dir='ltr'><strong>lib.11,</strong></span> <span class='ocrx_word' id='word_1_173' title='bbox 1105 1095 1140 1122; x_wconf 92' lang='lat' dir='ltr'><strong>c.</strong></span> <span class='ocrx_word' id='word_1_174' title='bbox 1157 1097 1178 1121; x_wconf 91' lang='lat'><em>2</em></span> <span class='ocrx_word' id='word_1_175' title='bbox 1193 1112 1203 1130; x_wconf 87' lang='lat'><strong>‚</strong></span> <span class='ocrx_word' id='word_1_176' title='bbox 1218 1096 1252 1134; x_wconf 88' lang='lat' dir='ltr'><strong>p.</strong></span> <span class='ocrx_word' id='word_1_177' title='bbox 1275 1096 1414 1132; x_wconf 82' lang='lat' dir='ltr'><strong>1413c.</strong></span> <span class='ocrx_word' id='word_1_178' title='bbox 1432 1098 1492 1137; x_wconf 79' lang='lat'><strong>31,</strong></span> <span class='ocrx_word' id='word_1_179' title='bbox 1505 1098 1542 1135; x_wconf 86' lang='lat' dir='ltr'><strong>p.</strong></span> <span class='ocrx_word' id='word_1_180' title='bbox 1563 1097 1652 1136; x_wconf 87' lang='lat'>170,</span> <span class='ocrx_word' id='word_1_181' title='bbox 1665 1085 1746 1125; x_wconf 66' lang='grc' dir='ltr'><strong>ἀπὸ</strong></span> 
     </span>
     <span class='ocr_line' id='line_1_19' title="bbox 466 1136 1746 1193; baseline 0.002 -16"><span class='ocrx_word' id='word_1_182' title='bbox 466 1138 536 1178; x_wconf 64' lang='grc' dir='ltr'><strong>τῆς</strong></span> <span class='ocrx_word' id='word_1_183' title='bbox 552 1138 732 1191; x_wconf 57' lang='grc' dir='ltr'><strong>κρηπίέος</strong></span> <span class='ocrx_word' id='word_1_184' title='bbox 745 1137 812 1176; x_wconf 73' lang='grc' dir='ltr'><strong>τοῦ</strong></span> <span class='ocrx_word' id='word_1_185' title='bbox 837 1137 911 1177; x_wconf 78' lang='grc' dir='ltr'>νεώ.</span> <span class='ocrx_word' id='word_1_186' title='bbox 935 1136 1024 1176; x_wconf 84' lang='lat' dir='ltr'><strong>AG.</strong></span> <span class='ocrx_word' id='word_1_187' title='bbox 1049 1137 1108 1183; x_wconf 89' lang='lat' dir='ltr'><strong>X,</strong></span> <span class='ocrx_word' id='word_1_188' title='bbox 1123 1151 1188 1190; x_wconf 89' lang='lat'><strong>95.</strong></span> <span class='ocrx_word' id='word_1_189' title='bbox 1201 1137 1293 1178; x_wconf 89' lang='lat' dir='ltr'><strong>Vid.</strong></span> <span class='ocrx_word' id='word_1_190' title='bbox 1310 1136 1482 1177; x_wconf 81' lang='lat' dir='ltr'><strong>Philostr.</strong></span> <span class='ocrx_word' id='word_1_191' title='bbox 1496 1138 1646 1192; x_wconf 81' lang='lat' dir='ltr'>Gorgia</span> <span class='ocrx_word' id='word_1_192' title='bbox 1660 1152 1746 1193; x_wconf 85' lang='lat' dir='ltr'><strong>pag.</strong></span> 
     </span>
     <span class='ocr_line' id='line_1_20' title="bbox 466 1189 1747 1246; baseline 0.002 -14"><span class='ocrx_word' id='word_1_193' title='bbox 466 1207 562 1246; x_wconf 79' lang='lat'>493,</span> <span class='ocrx_word' id='word_1_194' title='bbox 576 1193 643 1232; x_wconf 89' lang='lat' dir='ltr'><strong>ubi</strong></span> <span class='ocrx_word' id='word_1_195' title='bbox 657 1195 718 1232; x_wconf 65' lang='grc' dir='ltr'><strong>τὸν</strong></span> <span class='ocrx_word' id='word_1_196' title='bbox 734 1192 804 1242; x_wconf 83' lang='grc' dir='ltr'><strong>μὲν</strong></span> <span class='ocrx_word' id='word_1_197' title='bbox 822 1192 936 1243; x_wconf 65' lang='grc' dir='ltr'>λόγον</span> <span class='ocrx_word' id='word_1_198' title='bbox 955 1194 1016 1231; x_wconf 68' lang='grc' dir='ltr'><strong>τὸν</strong></span> <span class='ocrx_word' id='word_1_199' title='bbox 1030 1189 1182 1230; x_wconf 61' lang='grc' dir='ltr'>Πυθικὴν</span> <span class='ocrx_word' id='word_1_200' title='bbox 1203 1191 1281 1230; x_wconf 67' lang='grc' dir='ltr'><strong>ἀπὸ</strong></span> <span class='ocrx_word' id='word_1_201' title='bbox 1298 1190 1366 1231; x_wconf 77' lang='grc' dir='ltr'><strong>τοῦ</strong></span> <span class='ocrx_word' id='word_1_202' title='bbox 1377 1191 1502 1243; x_wconf 79' lang='grc' dir='ltr'>βωμοῦ</span> <span class='ocrx_word' id='word_1_203' title='bbox 1516 1190 1676 1245; x_wconf 62' lang='grc' dir='ltr'><strong><em>ἤχησεν.</em></strong></span> <span class='ocrx_word' id='word_1_204' title='bbox 1699 1194 1747 1234; x_wconf 88' lang='lat' dir='ltr'><strong>Et</strong></span> 
     </span>
     <span class='ocr_line' id='line_1_21' title="bbox 467 1244 1748 1299; baseline 0.002 -14"><span class='ocrx_word' id='word_1_205' title='bbox 467 1259 584 1287; x_wconf 84' lang='lat' dir='ltr'><strong>mox:</strong></span> <span class='ocrx_word' id='word_1_206' title='bbox 601 1247 617 1285; x_wconf 82' lang='grc' dir='ltr'><em>ὃ</em></span> <span class='ocrx_word' id='word_1_207' title='bbox 634 1245 680 1286; x_wconf 63' lang='grc' dir='ltr'><strong>Σὲ</strong></span> <span class='ocrx_word' id='word_1_208' title='bbox 696 1246 928 1297; x_wconf 61' lang='grc' dir='ltr'>Ὀλυμπικὸς</span> <span class='ocrx_word' id='word_1_209' title='bbox 946 1245 1064 1299; x_wconf 63' lang='grc' dir='ltr'>λόγος</span> <span class='ocrx_word' id='word_1_210' title='bbox 1078 1244 1156 1285; x_wconf 85' lang='lat' dir='ltr'><strong>&amp;c.</strong></span> <span class='ocrx_word' id='word_1_211' title='bbox 1175 1244 1239 1286; x_wconf 91' lang='lat' dir='ltr'><strong>De</strong></span> <span class='ocrx_word' id='word_1_212' title='bbox 1258 1245 1508 1299; x_wconf 57' lang='grc' dir='ltr'><strong>ὀπισθοδόμῳ</strong></span> <span class='ocrx_word' id='word_1_213' title='bbox 1531 1248 1609 1289; x_wconf 86' lang='lat' dir='ltr'><strong>vid.</strong></span> <span class='ocrx_word' id='word_1_214' title='bbox 1634 1259 1748 1288; x_wconf 86' lang='lat' dir='ltr'><strong>notas</strong></span> 
     </span>
     <span class='ocr_line' id='line_1_22' title="bbox 468 1299 910 1354; baseline -0.005 -14"><span class='ocrx_word' id='word_1_215' title='bbox 468 1301 516 1341; x_wconf 85' lang='lat' dir='ltr'><strong>ad</strong></span> <span class='ocrx_word' id='word_1_216' title='bbox 531 1305 614 1353; x_wconf 81' lang='grc' dir='ltr'><strong><em>Περ.</em></strong></span> <span class='ocrx_word' id='word_1_217' title='bbox 629 1314 661 1342; x_wconf 88' lang='lat' dir='ltr'><strong>c.</strong></span> <span class='ocrx_word' id='word_1_218' title='bbox 678 1315 738 1354; x_wconf 86' lang='lat'><strong>32.</strong></span> <span class='ocrx_word' id='word_1_219' title='bbox 752 1299 910 1339; x_wconf 76' lang='lat' dir='ltr'><strong>SOLAN.</strong></span> 
     </span>
    </p>

    <p class='ocr_par' dir='ltr' id='par_1_5' title="bbox 466 1353 1748 1515">
     <span class='ocr_line' id='line_1_23' title="bbox 524 1353 1748 1408; baseline 0.002 -14"><span class='ocrx_word' id='word_1_220' title='bbox 524 1359 598 1394; x_wconf 83' lang='lat' dir='ltr'><strong>ead.</strong></span> <span class='ocrx_word' id='word_1_221' title='bbox 611 1356 634 1394; x_wconf 93' lang='lat' dir='ltr'><strong>l.</strong></span> <span class='ocrx_word' id='word_1_222' title='bbox 653 1368 711 1406; x_wconf 89' lang='lat'><strong>15.</strong></span> <span class='ocrx_word' id='word_1_223' title='bbox 726 1354 905 1406; x_wconf 78' lang='grc' dir='ltr'>Μούσας)</span> <span class='ocrx_word' id='word_1_224' title='bbox 928 1354 1020 1392; x_wconf 89' lang='lat' dir='ltr'><strong>Non</strong></span> <span class='ocrx_word' id='word_1_225' title='bbox 1034 1365 1131 1406; x_wconf 88' lang='lat' dir='ltr'><strong>ergo</strong></span> <span class='ocrx_word' id='word_1_226' title='bbox 1145 1353 1374 1394; x_wconf 87' lang='lat' dir='ltr'><strong>Herodotus</strong></span> <span class='ocrx_word' id='word_1_227' title='bbox 1395 1353 1473 1408; x_wconf 85' lang='lat' dir='ltr'><strong>ipse</strong></span> <span class='ocrx_word' id='word_1_228' title='bbox 1489 1367 1536 1395; x_wconf 88' lang='lat' dir='ltr'><strong>ea</strong></span> <span class='ocrx_word' id='word_1_229' title='bbox 1554 1353 1628 1395; x_wconf 83' lang='lat' dir='ltr'><strong>suis</strong></span> <span class='ocrx_word' id='word_1_230' title='bbox 1639 1356 1748 1397; x_wconf 80' lang='lat' dir='ltr'><strong>libris</strong></span> 
     </span>
     <span class='ocr_line' id='line_1_24' title="bbox 468 1407 1748 1461; baseline 0.002 -12"><span class='ocrx_word' id='word_1_231' title='bbox 468 1410 628 1449; x_wconf 88' lang='lat' dir='ltr'><strong>nomina</strong></span> <span class='ocrx_word' id='word_1_232' title='bbox 643 1408 751 1456; x_wconf 85' lang='lat' dir='ltr'><strong>fecit;</strong></span> <span class='ocrx_word' id='word_1_233' title='bbox 766 1409 948 1461; x_wconf 86' lang='lat' dir='ltr'><strong>quamvis</strong></span> <span class='ocrx_word' id='word_1_234' title='bbox 963 1421 1043 1447; x_wconf 88' lang='lat' dir='ltr'><strong>non</strong></span> <span class='ocrx_word' id='word_1_235' title='bbox 1063 1407 1200 1455; x_wconf 88' lang='lat' dir='ltr'><strong>defint‚</strong></span> <span class='ocrx_word' id='word_1_236' title='bbox 1224 1409 1292 1461; x_wconf 90' lang='lat' dir='ltr'><strong>qui</strong></span> <span class='ocrx_word' id='word_1_237' title='bbox 1311 1409 1347 1448; x_wconf 89' lang='lat' dir='ltr'><strong>id</strong></span> <span class='ocrx_word' id='word_1_238' title='bbox 1362 1410 1516 1449; x_wconf 83' lang='lat' dir='ltr'><strong>incaute</strong></span> <span class='ocrx_word' id='word_1_239' title='bbox 1536 1410 1650 1450; x_wconf 89' lang='lat' dir='ltr'><strong>nimis</strong></span> <span class='ocrx_word' id='word_1_240' title='bbox 1664 1424 1748 1452; x_wconf 88' lang='lat' dir='ltr'><strong>cre-</strong></span> 
     </span>
     <span class='ocr_line' id='line_1_25' title="bbox 466 1462 1276 1515; baseline -0.001 -11"><span class='ocrx_word' id='word_1_241' title='bbox 466 1463 679 1505; x_wconf 83' lang='lat' dir='ltr'><strong>dunt.Vid.</strong></span> <span class='ocrx_word' id='word_1_242' title='bbox 696 1463 808 1502; x_wconf 82' lang='lat' dir='ltr'><strong>etiam</strong></span> <span class='ocrx_word' id='word_1_243' title='bbox 824 1469 978 1515; x_wconf 64' lang='lat' dir='ltr'><strong>Evy‘yp.</strong></span> <span class='ocrx_word' id='word_1_244' title='bbox 989 1475 1022 1502; x_wconf 87' lang='lat' dir='ltr'><strong>c.</strong></span> <span class='ocrx_word' id='word_1_245' title='bbox 1040 1477 1104 1512; x_wconf 91' lang='lat'><strong>42.</strong></span> <span class='ocrx_word' id='word_1_246' title='bbox 1117 1462 1276 1504; x_wconf 78' lang='lat' dir='ltr'><strong>SOLAN.</strong></span> 
     </span>
    </p>

    <p class='ocr_par' dir='ltr' id='par_1_6' title="bbox 468 1516 1749 1835">
     <span class='ocr_line' id='line_1_26' title="bbox 526 1516 1747 1571; baseline 0.004 -16"><span class='ocrx_word' id='word_1_247' title='bbox 526 1518 617 1571; x_wconf 73' lang='lat' dir='ltr'><strong>Pag.</strong></span> <span class='ocrx_word' id='word_1_248' title='bbox 636 1531 651 1556; x_wconf 94' lang='lat'>1</span> <span class='ocrx_word' id='word_1_249' title='bbox 666 1517 724 1557; x_wconf 88' lang='lat'><strong>18.</strong></span> <span class='ocrx_word' id='word_1_250' title='bbox 737 1517 760 1555; x_wconf 90' lang='lat' dir='ltr'><strong>l.</strong></span> <span class='ocrx_word' id='word_1_251' title='bbox 780 1531 812 1556; x_wconf 89' lang='lat'><strong>1.</strong></span> <span class='ocrx_word' id='word_1_252' title='bbox 826 1516 1146 1570; x_wconf 71' lang='grc' dir='ltr'>Ὀλυμπιονίκας)</span> <span class='ocrx_word' id='word_1_253' title='bbox 1160 1516 1326 1557; x_wconf 86' lang='lat' dir='ltr'><strong>Casaub.</strong></span> <span class='ocrx_word' id='word_1_254' title='bbox 1341 1518 1387 1557; x_wconf 84' lang='lat' dir='ltr'><strong>ad</strong></span> <span class='ocrx_word' id='word_1_255' title='bbox 1401 1517 1438 1557; x_wconf 88' lang='lat' dir='ltr'><strong>T</strong></span> <span class='ocrx_word' id='word_1_256' title='bbox 1440 1517 1570 1558; x_wconf 84' lang='lat' dir='ltr'><strong>heocr.</strong></span> <span class='ocrx_word' id='word_1_257' title='bbox 1585 1518 1683 1559; x_wconf 87' lang='lat' dir='ltr'><strong>Scal.</strong></span> <span class='ocrx_word' id='word_1_258' title='bbox 1700 1520 1747 1560; x_wconf 86' lang='lat' dir='ltr'><strong>ad</strong></span> 
     </span>
     <span class='ocr_line' id='line_1_27' title="bbox 469 1570 1748 1625; baseline 0.002 -14"><span class='ocrx_word' id='word_1_259' title='bbox 469 1571 612 1611; x_wconf 80' lang='lat' dir='ltr'><strong>Catuli.</strong></span> <span class='ocrx_word' id='word_1_260' title='bbox 631 1584 679 1611; x_wconf 80' lang='lat' dir='ltr'><strong>ex</strong></span> <span class='ocrx_word' id='word_1_261' title='bbox 695 1571 800 1610; x_wconf 88' lang='lat' dir='ltr'><strong>Suid.</strong></span> <span class='ocrx_word' id='word_1_262' title='bbox 818 1570 1074 1611; x_wconf 82' lang='lat' dir='ltr'><strong>innominato.</strong></span> <span class='ocrx_word' id='word_1_263' title='bbox 1091 1570 1156 1611; x_wconf 93' lang='lat' dir='ltr'><strong>De</strong></span> <span class='ocrx_word' id='word_1_264' title='bbox 1173 1571 1332 1625; x_wconf 88' lang='lat' dir='ltr'><strong>Hippia,</strong></span> <span class='ocrx_word' id='word_1_265' title='bbox 1346 1570 1423 1625; x_wconf 88' lang='lat' dir='ltr'><strong>ipse</strong></span> <span class='ocrx_word' id='word_1_266' title='bbox 1436 1570 1579 1625; x_wconf 86' lang='lat' dir='ltr'><strong>postea,</strong></span> <span class='ocrx_word' id='word_1_267' title='bbox 1593 1572 1674 1614; x_wconf 85' lang='lat' dir='ltr'><strong>Cic.</strong></span> <span class='ocrx_word' id='word_1_268' title='bbox 1690 1575 1748 1614; x_wconf 88' lang='lat' dir='ltr'><strong>A·</strong></span> 
     </span>
     <span class='ocr_line' id='line_1_28' title="bbox 468 1625 1748 1679; baseline 0.002 -14"><span class='ocrx_word' id='word_1_269' title='bbox 468 1626 552 1679; x_wconf 87' lang='lat' dir='ltr'><strong>pul.</strong></span> <span class='ocrx_word' id='word_1_270' title='bbox 564 1626 628 1665; x_wconf 91' lang='lat' dir='ltr'><strong>De</strong></span> <span class='ocrx_word' id='word_1_271' title='bbox 640 1625 816 1673; x_wconf 87' lang='lat' dir='ltr'>Prodico,</span> <span class='ocrx_word' id='word_1_272' title='bbox 830 1626 1070 1678; x_wconf 79' lang='lat' dir='ltr'><strong>Xenophon,</strong></span> <span class='ocrx_word' id='word_1_273' title='bbox 1085 1625 1126 1665; x_wconf 72' lang='grc' dir='ltr'><strong>δι</strong></span> <span class='ocrx_word' id='word_1_274' title='bbox 1138 1638 1212 1665; x_wconf 88' lang='lat' dir='ltr'><strong>nos</strong></span> <span class='ocrx_word' id='word_1_275' title='bbox 1227 1627 1272 1665; x_wconf 86' lang='lat' dir='ltr'><strong>ad</strong></span> <span class='ocrx_word' id='word_1_276' title='bbox 1291 1626 1493 1666; x_wconf 85' lang='lat' dir='ltr'><strong>Somnium</strong></span> <span class='ocrx_word' id='word_1_277' title='bbox 1508 1626 1684 1667; x_wconf 84' lang='lat' dir='ltr'><strong>Luciani:</strong></span> <span class='ocrx_word' id='word_1_278' title='bbox 1700 1629 1748 1669; x_wconf 86' lang='lat' dir='ltr'><strong>de</strong></span> 
     </span>
     <span class='ocr_line' id='line_1_29' title="bbox 470 1678 1749 1733; baseline 0.003 -14"><span class='ocrx_word' id='word_1_279' title='bbox 470 1680 714 1720; x_wconf 81' lang='lat' dir='ltr'><strong>Anaximene</strong></span> <span class='ocrx_word' id='word_1_280' title='bbox 728 1680 767 1719; x_wconf 76' lang='grc' dir='ltr'><strong>δι</strong></span> <span class='ocrx_word' id='word_1_281' title='bbox 782 1678 893 1724; x_wconf 84' lang='lat' dir='ltr'><strong>Polo,</strong></span> <span class='ocrx_word' id='word_1_282' title='bbox 909 1680 953 1718; x_wconf 90' lang='lat' dir='ltr'><strong>id.</strong></span> <span class='ocrx_word' id='word_1_283' title='bbox 971 1694 1006 1732; x_wconf 91' lang='lat' dir='ltr'><strong>p.</strong></span> <span class='ocrx_word' id='word_1_284' title='bbox 1028 1679 1117 1726; x_wconf 78' lang='lat'>208,</span> <span class='ocrx_word' id='word_1_285' title='bbox 1133 1679 1296 1719; x_wconf 85' lang='lat' dir='ltr'><strong>Aristot.</strong></span> <span class='ocrx_word' id='word_1_286' title='bbox 1312 1680 1433 1733; x_wconf 85' lang='lat' dir='ltr'><strong>Diog.</strong></span> <span class='ocrx_word' id='word_1_287' title='bbox 1449 1680 1573 1720; x_wconf 72' lang='lat' dir='ltr'><strong>Laert.</strong></span> <span class='ocrx_word' id='word_1_288' title='bbox 1589 1681 1654 1721; x_wconf 91' lang='lat' dir='ltr'><strong>De</strong></span> <span class='ocrx_word' id='word_1_289' title='bbox 1666 1683 1749 1723; x_wconf 71' lang='lat' dir='ltr'><strong>Ae-</strong></span> 
     </span>
     <span class='ocr_line' id='line_1_30' title="bbox 470 1733 1746 1788; baseline 0.005 -16"><span class='ocrx_word' id='word_1_290' title='bbox 470 1734 600 1781; x_wconf 82' lang='lat' dir='ltr'><strong>tione,</strong></span> <span class='ocrx_word' id='word_1_291' title='bbox 616 1734 817 1774; x_wconf 89' lang='lat' dir='ltr'><strong>Theocrit.</strong></span> <span class='ocrx_word' id='word_1_292' title='bbox 838 1733 1015 1786; x_wconf 80' lang='lat' dir='ltr'><strong>Epitaph.</strong></span> <span class='ocrx_word' id='word_1_293' title='bbox 1039 1733 1194 1775; x_wconf 91' lang='lat' dir='ltr'><strong>Aescul.</strong></span> <span class='ocrx_word' id='word_1_294' title='bbox 1219 1733 1283 1775; x_wconf 93' lang='lat' dir='ltr'><strong>De</strong></span> <span class='ocrx_word' id='word_1_295' title='bbox 1309 1735 1453 1788; x_wconf 87' lang='lat' dir='ltr'><strong>nuptiis</strong></span> <span class='ocrx_word' id='word_1_296' title='bbox 1473 1734 1683 1776; x_wconf 84' lang='lat' dir='ltr'><strong>Alexandri</strong></span> <span class='ocrx_word' id='word_1_297' title='bbox 1703 1737 1746 1778; x_wconf 75' lang='grc' dir='ltr'><strong>δι</strong></span> 
     </span>
     <span class='ocr_line' id='line_1_31' title="bbox 470 1786 1168 1835; baseline 0 -7"><span class='ocrx_word' id='word_1_298' title='bbox 470 1788 680 1835; x_wconf 81' lang='lat' dir='ltr'><strong>Roxanes,</strong></span> <span class='ocrx_word' id='word_1_299' title='bbox 697 1788 850 1827; x_wconf 82' lang='lat' dir='ltr'><strong>Arrian.</strong></span> <span class='ocrx_word' id='word_1_300' title='bbox 866 1786 1168 1828; x_wconf 82' lang='lat' dir='ltr'><strong>Curt.BouR1).</strong></span> 
     </span>
    </p>

    <p class='ocr_par' dir='ltr' id='par_1_7' title="bbox 471 1841 1749 2005">
     <span class='ocr_line' id='line_1_32' title="bbox 527 1841 1749 1895; baseline 0.002 -13"><span class='ocrx_word' id='word_1_301' title='bbox 527 1846 600 1882; x_wconf 81' lang='lat' dir='ltr'><strong>ead.</strong></span> <span class='ocrx_word' id='word_1_302' title='bbox 612 1843 636 1882; x_wconf 91' lang='lat' dir='ltr'><strong>l.</strong></span> <span class='ocrx_word' id='word_1_303' title='bbox 652 1857 684 1894; x_wconf 81' lang='lat'><strong>3.</strong></span> <span class='ocrx_word' id='word_1_304' title='bbox 701 1841 744 1881; x_wconf 81' lang='grc' dir='ltr'><strong>Οἱ</strong></span> <span class='ocrx_word' id='word_1_305' title='bbox 758 1842 803 1882; x_wconf 50' lang='grc' dir='ltr'><strong>ἑὲ</strong></span> <span class='ocrx_word' id='word_1_306' title='bbox 817 1841 888 1880; x_wconf 71' lang='grc' dir='ltr'><strong>τῶν</strong></span> <span class='ocrx_word' id='word_1_307' title='bbox 902 1841 969 1895; x_wconf 79' lang='grc' dir='ltr'><strong>ἐκ)</strong></span> <span class='ocrx_word' id='word_1_308' title='bbox 983 1842 1027 1882; x_wconf 91' lang='lat' dir='ltr'><strong>In</strong></span> <span class='ocrx_word' id='word_1_309' title='bbox 1043 1843 1222 1883; x_wconf 86' lang='lat' dir='ltr'><strong>omnibus</strong></span> <span class='ocrx_word' id='word_1_310' title='bbox 1237 1841 1342 1882; x_wconf 88' lang='lat' dir='ltr'><strong>libris</strong></span> <span class='ocrx_word' id='word_1_311' title='bbox 1364 1853 1444 1882; x_wconf 87' lang='lat' dir='ltr'><strong>erat</strong></span> <span class='ocrx_word' id='word_1_312' title='bbox 1458 1842 1499 1883; x_wconf 76' lang='grc' dir='ltr'><strong>ἐκ</strong></span> <span class='ocrx_word' id='word_1_313' title='bbox 1515 1841 1603 1884; x_wconf 71' lang='grc' dir='ltr'><strong><em>τῶν.</em></strong></span> <span class='ocrx_word' id='word_1_314' title='bbox 1615 1843 1749 1884; x_wconf 83' lang='lat' dir='ltr'><strong>Muta-</strong></span> 
     </span>
     <span class='ocr_line' id='line_1_33' title="bbox 472 1895 1748 1953; baseline 0.002 -17"><span class='ocrx_word' id='word_1_315' title='bbox 472 1896 514 1937; x_wconf 83' lang='lat' dir='ltr'><strong>vi</strong></span> <span class='ocrx_word' id='word_1_316' title='bbox 527 1910 625 1950; x_wconf 84' lang='lat' dir='ltr'><strong>ego,</strong></span> <span class='ocrx_word' id='word_1_317' title='bbox 639 1897 681 1936; x_wconf 84' lang='lat'>&amp;</span> <span class='ocrx_word' id='word_1_318' title='bbox 695 1895 769 1935; x_wconf 86' lang='lat' dir='ltr'><strong>feci</strong></span> <span class='ocrx_word' id='word_1_319' title='bbox 780 1927 792 1943; x_wconf 89' lang='lat'>,</span> <span class='ocrx_word' id='word_1_320' title='bbox 805 1895 835 1936; x_wconf 82' lang='grc' dir='ltr'><strong>οἱ</strong></span> <span class='ocrx_word' id='word_1_321' title='bbox 848 1896 893 1936; x_wconf 52' lang='grc' dir='ltr'><strong>ἑὲ</strong></span> <span class='ocrx_word' id='word_1_322' title='bbox 906 1896 979 1937; x_wconf 74' lang='grc' dir='ltr'><strong>τῶν</strong></span> <span class='ocrx_word' id='word_1_323' title='bbox 1003 1897 1046 1936; x_wconf 76' lang='grc' dir='ltr'><strong>ἐκ</strong></span> <span class='ocrx_word' id='word_1_324' title='bbox 1058 1896 1122 1937; x_wconf 67' lang='grc' dir='ltr'><strong>τῆς</strong></span> <span class='ocrx_word' id='word_1_325' title='bbox 1133 1897 1208 1937; x_wconf 76' lang='grc' dir='ltr'><strong>διε.</strong></span> <span class='ocrx_word' id='word_1_326' title='bbox 1224 1895 1335 1949; x_wconf 85' lang='lat' dir='ltr'><strong>saepe</strong></span> <span class='ocrx_word' id='word_1_327' title='bbox 1349 1897 1450 1936; x_wconf 88' lang='lat' dir='ltr'><strong>enim</strong></span> <span class='ocrx_word' id='word_1_328' title='bbox 1472 1896 1523 1938; x_wconf 91' lang='lat' dir='ltr'><strong>s1c</strong></span> <span class='ocrx_word' id='word_1_329' title='bbox 1541 1897 1748 1953; x_wconf 87' lang='lat' dir='ltr'><strong>usurpatur</strong></span> 
     </span>
     <span class='ocr_line' id='line_1_34' title="bbox 471 1950 1505 2005; baseline -0.001 -14"><span class='ocrx_word' id='word_1_330' title='bbox 471 1951 515 1991; x_wconf 73' lang='grc' dir='ltr'>ἃ</span> <span class='ocrx_word' id='word_1_331' title='bbox 528 1952 628 2005; x_wconf 84' lang='lat' dir='ltr'><strong>apud</strong></span> <span class='ocrx_word' id='word_1_332' title='bbox 643 1951 826 1991; x_wconf 84' lang='lat' dir='ltr'><strong>Nostrum</strong></span> <span class='ocrx_word' id='word_1_333' title='bbox 843 1951 883 1990; x_wconf 76' lang='grc' dir='ltr'><strong>δε</strong></span> <span class='ocrx_word' id='word_1_334' title='bbox 897 1951 996 2003; x_wconf 87' lang='lat' dir='ltr'><strong>apud</strong></span> <span class='ocrx_word' id='word_1_335' title='bbox 1008 1951 1106 1990; x_wconf 87' lang='lat' dir='ltr'><strong>alios</strong></span> <span class='ocrx_word' id='word_1_336' title='bbox 1118 1950 1332 2005; x_wconf 85' lang='lat' dir='ltr'><strong>scriptores.</strong></span> <span class='ocrx_word' id='word_1_337' title='bbox 1347 1951 1505 1991; x_wconf 76' lang='lat' dir='ltr'><strong>SOLAN.</strong></span> 
     </span>
    </p>

    <p class='ocr_par' dir='ltr' id='par_1_8' title="bbox 472 2002 1748 2220">
     <span class='ocr_line' id='line_1_35' title="bbox 529 2002 1748 2059; baseline 0 -13"><span class='ocrx_word' id='word_1_338' title='bbox 529 2010 603 2046; x_wconf 84' lang='lat' dir='ltr'><strong>ead.</strong></span> <span class='ocrx_word' id='word_1_339' title='bbox 619 2006 641 2044; x_wconf 94' lang='lat' dir='ltr'><strong>l.</strong></span> <span class='ocrx_word' id='word_1_340' title='bbox 660 2005 694 2044; x_wconf 90' lang='lat'><strong>8.</strong></span> <span class='ocrx_word' id='word_1_341' title='bbox 707 2004 783 2045; x_wconf 74' lang='grc' dir='ltr'><strong>Τῶν</strong></span> <span class='ocrx_word' id='word_1_342' title='bbox 795 2004 987 2059; x_wconf 73' lang='grc' dir='ltr'>ἱστοριῶν)</span> <span class='ocrx_word' id='word_1_343' title='bbox 1007 2005 1180 2059; x_wconf 86' lang='lat' dir='ltr'><strong>Intellige</strong></span> <span class='ocrx_word' id='word_1_344' title='bbox 1199 2002 1304 2045; x_wconf 73' lang='grc' dir='ltr'>ἕνεκα</span> <span class='ocrx_word' id='word_1_345' title='bbox 1322 2004 1394 2046; x_wconf 69' lang='grc' dir='ltr'><strong>τῶν</strong></span> <span class='ocrx_word' id='word_1_346' title='bbox 1414 2004 1488 2045; x_wconf 79' lang='grc' dir='ltr'><em>ἱστ.</em></span> <span class='ocrx_word' id='word_1_347' title='bbox 1502 2005 1624 2059; x_wconf 86' lang='lat' dir='ltr'><strong>ellipfi</strong></span> <span class='ocrx_word' id='word_1_348' title='bbox 1636 2006 1748 2047; x_wconf 82' lang='lat' dir='ltr'><strong>nimis</strong></span> 
     </span>
     <span class='ocr_line' id='line_1_36' title="bbox 474 2059 1748 2114; baseline 0 -13"><span class='ocrx_word' id='word_1_349' title='bbox 474 2059 686 2113; x_wconf 80' lang='lat' dir='ltr'><strong>frequenti,</strong></span> <span class='ocrx_word' id='word_1_350' title='bbox 702 2073 817 2113; x_wconf 85' lang='lat' dir='ltr'>quam</span> <span class='ocrx_word' id='word_1_351' title='bbox 838 2071 881 2099; x_wconf 93' lang='lat' dir='ltr'><strong>ut</strong></span> <span class='ocrx_word' id='word_1_352' title='bbox 895 2060 1080 2113; x_wconf 82' lang='lat' dir='ltr'><strong>exemplis</strong></span> <span class='ocrx_word' id='word_1_353' title='bbox 1096 2059 1281 2100; x_wconf 85' lang='lat' dir='ltr'><strong>firmetur.</strong></span> <span class='ocrx_word' id='word_1_354' title='bbox 1297 2060 1352 2100; x_wconf 92' lang='lat' dir='ltr'><strong>Ut</strong></span> <span class='ocrx_word' id='word_1_355' title='bbox 1370 2060 1489 2099; x_wconf 87' lang='lat' dir='ltr'><strong>Hom.</strong></span> <span class='ocrx_word' id='word_1_356' title='bbox 1510 2059 1552 2099; x_wconf 89' lang='grc' dir='ltr'><strong>ΙΙ.</strong></span> <span class='ocrx_word' id='word_1_357' title='bbox 1567 2061 1693 2114; x_wconf 86' lang='lat' dir='ltr'>A,65,</span> <span class='ocrx_word' id='word_1_358' title='bbox 1707 2062 1748 2101; x_wconf 75' lang='lat' dir='ltr'><strong>E&#39;e&#39;</strong></span> 
     </span>
     <span class='ocr_line' id='line_1_37' title="bbox 473 2109 1746 2167; baseline 0 -12"><span class='ocrx_word' id='word_1_359' title='bbox 473 2115 510 2155; x_wconf 74' lang='grc' dir='ltr'><strong>τ’</strong></span> <span class='ocrx_word' id='word_1_360' title='bbox 525 2114 581 2166; x_wconf 76' lang='grc' dir='ltr'><strong>ἄρ’</strong></span> <span class='ocrx_word' id='word_1_361' title='bbox 599 2113 660 2167; x_wconf 69' lang='grc' dir='ltr'><strong>’ἄγ’</strong></span> <span class='ocrx_word' id='word_1_362' title='bbox 676 2109 833 2167; x_wconf 70' lang='grc' dir='ltr'>εὖχωλῆ</span> <span class='ocrx_word' id='word_1_363' title='bbox 835 2128 851 2153; x_wconf 85' lang='grc' dir='ltr'><em>ς</em></span> <span class='ocrx_word' id='word_1_364' title='bbox 866 2114 1122 2165; x_wconf 68' lang='grc' dir='ltr'>ἐπιμέμφεται</span> <span class='ocrx_word' id='word_1_365' title='bbox 1133 2144 1143 2161; x_wconf 85' lang='grc'><em>,</em></span> <span class='ocrx_word' id='word_1_366' title='bbox 1160 2113 1220 2154; x_wconf 73' lang='grc' dir='ltr'><strong>εἷθ’</strong></span> <span class='ocrx_word' id='word_1_367' title='bbox 1233 2113 1460 2161; x_wconf 67' lang='grc' dir='ltr'><strong><em>ἑκατόμβης·</em></strong></span> <span class='ocrx_word' id='word_1_368' title='bbox 1473 2115 1556 2154; x_wconf 81' lang='lat' dir='ltr'><strong>Sive</strong></span> <span class='ocrx_word' id='word_1_369' title='bbox 1568 2114 1600 2154; x_wconf 84' lang='lat' dir='ltr'><strong>is</strong></span> <span class='ocrx_word' id='word_1_370' title='bbox 1612 2131 1676 2155; x_wconf 90' lang='lat' dir='ltr'><strong>nos</strong></span> <span class='ocrx_word' id='word_1_371' title='bbox 1690 2116 1746 2155; x_wconf 88' lang='lat' dir='ltr'><strong>ob</strong></span> 
     </span>
     <span class='ocr_line' id='line_1_38' title="bbox 472 2168 1507 2220; baseline 0 -11"><span class='ocrx_word' id='word_1_372' title='bbox 472 2181 557 2210; x_wconf 82' lang='lat' dir='ltr'><strong>vota</strong></span> <span class='ocrx_word' id='word_1_373' title='bbox 570 2185 638 2208; x_wconf 84' lang='lat' dir='ltr'><strong>non</strong></span> <span class='ocrx_word' id='word_1_374' title='bbox 651 2170 778 2208; x_wconf 80' lang='lat' dir='ltr'><strong>reddita</strong></span> <span class='ocrx_word' id='word_1_375' title='bbox 792 2168 1025 2220; x_wconf 80' lang='lat' dir='ltr'><strong>incufizt,five</strong></span> <span class='ocrx_word' id='word_1_376' title='bbox 1039 2170 1078 2207; x_wconf 88' lang='lat' dir='ltr'><strong>ob</strong></span> <span class='ocrx_word' id='word_1_377' title='bbox 1091 2171 1314 2209; x_wconf 74' lang='lat' dir='ltr'><strong>hecatomben.</strong></span> <span class='ocrx_word' id='word_1_378' title='bbox 1327 2168 1476 2209; x_wconf 85' lang='lat' dir='ltr'><strong>REITZ.</strong></span> <span class='ocrx_word' id='word_1_379' title='bbox 1494 2176 1507 2185; x_wconf 75' lang='grc'><strong>“</strong></span> 
     </span>
    </p>

    <p class='ocr_par' dir='ltr' id='par_1_9' title="bbox 474 2221 1748 2438">
     <span class='ocr_line' id='line_1_39' title="bbox 531 2221 1747 2277; baseline 0.001 -16"><span class='ocrx_word' id='word_1_380' title='bbox 531 2225 604 2261; x_wconf 83' lang='lat' dir='ltr'><strong>ead.</strong></span> <span class='ocrx_word' id='word_1_381' title='bbox 620 2223 642 2262; x_wconf 87' lang='lat' dir='ltr'><strong>l.</strong></span> <span class='ocrx_word' id='word_1_382' title='bbox 660 2237 673 2261; x_wconf 94' lang='lat'>1</span> <span class='ocrx_word' id='word_1_383' title='bbox 684 2237 718 2263; x_wconf 92' lang='lat'><strong>2.</strong></span> <span class='ocrx_word' id='word_1_384' title='bbox 730 2223 912 2277; x_wconf 74' lang='grc' dir='ltr'>Ἱππίας)</span> <span class='ocrx_word' id='word_1_385' title='bbox 928 2223 1083 2276; x_wconf 79' lang='lat' dir='ltr'><strong>Hzppz‘as</strong></span> <span class='ocrx_word' id='word_1_386' title='bbox 1097 2224 1220 2270; x_wconf 77' lang='lat' dir='ltr'><strong>Eleus,</strong></span> <span class='ocrx_word' id='word_1_387' title='bbox 1234 2234 1279 2263; x_wconf 91' lang='lat' dir='ltr'><strong>ut</strong></span> <span class='ocrx_word' id='word_1_388' title='bbox 1292 2235 1341 2262; x_wconf 85' lang='lat' dir='ltr'><strong>ex</strong></span> <span class='ocrx_word' id='word_1_389' title='bbox 1356 2223 1515 2263; x_wconf 85' lang='lat' dir='ltr'><strong>Platone</strong></span> <span class='ocrx_word' id='word_1_390' title='bbox 1528 2221 1641 2262; x_wconf 84' lang='lat' dir='ltr'><strong>etiam</strong></span> <span class='ocrx_word' id='word_1_391' title='bbox 1656 2235 1747 2263; x_wconf 90' lang='lat' dir='ltr'><strong>con-</strong></span> 
     </span>
     <span class='ocr_line' id='line_1_40' title="bbox 476 2276 1747 2332; baseline 0 -16"><span class='ocrx_word' id='word_1_392' title='bbox 476 2276 569 2325; x_wconf 85' lang='lat' dir='ltr'><strong>stat,</strong></span> <span class='ocrx_word' id='word_1_393' title='bbox 584 2290 700 2330; x_wconf 90' lang='lat' dir='ltr'><strong>quem</strong></span> <span class='ocrx_word' id='word_1_394' title='bbox 714 2277 801 2317; x_wconf 87' lang='lat' dir='ltr'><strong>vide</strong></span> <span class='ocrx_word' id='word_1_395' title='bbox 813 2277 851 2316; x_wconf 92' lang='lat' dir='ltr'><strong>in</strong></span> <span class='ocrx_word' id='word_1_396' title='bbox 866 2291 916 2317; x_wconf 89' lang='lat' dir='ltr'><strong>eo</strong></span> <span class='ocrx_word' id='word_1_397' title='bbox 933 2277 1108 2330; x_wconf 88' lang='lat' dir='ltr'><strong>Dialogo</strong></span> <span class='ocrx_word' id='word_1_398' title='bbox 1120 2309 1131 2325; x_wconf 95' lang='lat'>,</span> <span class='ocrx_word' id='word_1_399' title='bbox 1148 2278 1211 2318; x_wconf 89' lang='lat' dir='ltr'><strong>cui</strong></span> <span class='ocrx_word' id='word_1_400' title='bbox 1231 2277 1385 2332; x_wconf 85' lang='lat' dir='ltr'><strong>Hippias</strong></span> <span class='ocrx_word' id='word_1_401' title='bbox 1397 2278 1507 2318; x_wconf 85' lang='lat' dir='ltr'><strong>maior</strong></span> <span class='ocrx_word' id='word_1_402' title='bbox 1518 2276 1650 2316; x_wconf 85' lang='lat' dir='ltr'><strong>titulus</strong></span> <span class='ocrx_word' id='word_1_403' title='bbox 1670 2277 1747 2327; x_wconf 82' lang='lat' dir='ltr'><strong>est,</strong></span> 
     </span>
     <span class='ocr_line' id='line_1_41' title="bbox 474 2330 1748 2386; baseline 0 -17"><span class='ocrx_word' id='word_1_404' title='bbox 474 2330 601 2370; x_wconf 80' lang='lat' dir='ltr'><strong>statim</strong></span> <span class='ocrx_word' id='word_1_405' title='bbox 623 2331 670 2371; x_wconf 88' lang='lat' dir='ltr'><strong>ab</strong></span> <span class='ocrx_word' id='word_1_406' title='bbox 690 2332 800 2371; x_wconf 91' lang='lat' dir='ltr'><strong>initio</strong></span> <span class='ocrx_word' id='word_1_407' title='bbox 819 2344 904 2384; x_wconf 84' lang='lat' dir='ltr'><strong>pag.</strong></span> <span class='ocrx_word' id='word_1_408' title='bbox 922 2346 983 2385; x_wconf 86' lang='lat'><strong>95.</strong></span> <span class='ocrx_word' id='word_1_409' title='bbox 1000 2331 1231 2386; x_wconf 82' lang='lat' dir='ltr'><strong>Olympiam</strong></span> <span class='ocrx_word' id='word_1_410' title='bbox 1251 2332 1305 2371; x_wconf 87' lang='lat' dir='ltr'><strong>ibi</strong></span> <span class='ocrx_word' id='word_1_411' title='bbox 1326 2332 1465 2372; x_wconf 88' lang='lat' dir='ltr'><strong>dicitur</strong></span> <span class='ocrx_word' id='word_1_412' title='bbox 1485 2330 1670 2371; x_wconf 82' lang='lat' dir='ltr'><strong>acceffiffe</strong></span> <span class='ocrx_word' id='word_1_413' title='bbox 1690 2333 1748 2371; x_wconf 86' lang='lat' dir='ltr'><strong>in-</strong></span> 
     </span>
     <span class='ocr_line' id='line_1_42' title="bbox 478 2384 1746 2438; baseline 0.001 -15"><span class='ocrx_word' id='word_1_414' title='bbox 478 2384 642 2424; x_wconf 75' lang='lat' dir='ltr'><strong>struCtus</strong></span> <span class='ocrx_word' id='word_1_415' title='bbox 659 2398 749 2426; x_wconf 89' lang='lat' dir='ltr'><strong>cum</strong></span> <span class='ocrx_word' id='word_1_416' title='bbox 771 2386 853 2426; x_wconf 86' lang='lat' dir='ltr'><strong>aliis</strong></span> <span class='ocrx_word' id='word_1_417' title='bbox 873 2386 1025 2433; x_wconf 85' lang='lat' dir='ltr'><strong>multis,</strong></span> <span class='ocrx_word' id='word_1_418' title='bbox 1048 2398 1131 2426; x_wconf 88' lang='lat' dir='ltr'><strong>tum</strong></span> <span class='ocrx_word' id='word_1_419' title='bbox 1146 2385 1279 2438; x_wconf 58' lang='grc' dir='ltr'>λόγοις</span> <span class='ocrx_word' id='word_1_420' title='bbox 1291 2386 1448 2427; x_wconf 82' lang='grc' dir='ltr'>πολλοῖς</span> <span class='ocrx_word' id='word_1_421' title='bbox 1461 2386 1523 2424; x_wconf 70' lang='grc' dir='ltr'><strong>κα.)</strong></span> <span class='ocrx_word' id='word_1_422' title='bbox 1538 2385 1746 2425; x_wconf 55' lang='grc' dir='ltr'><strong>παντοδα-</strong></span> 
     </span>
    </p>
   </div>
   <div class='ocr_carea' id='block_1_3' title="bbox 477 2438 1746 2495">
    <p class='ocr_par' dir='ltr' id='par_1_10' title="bbox 477 2438 1746 2495">
     <span class='ocr_line' id='line_1_43' title="bbox 477 2438 1746 2495; baseline 0.001 -16"><span class='ocrx_word' id='word_1_423' title='bbox 477 2438 575 2482; x_wconf 77' lang='grc' dir='ltr'>ποῖς.</span> <span class='ocrx_word' id='word_1_424' title='bbox 591 2439 701 2482; x_wconf 89' lang='lat' dir='ltr'><strong>Adde</strong></span> <span class='ocrx_word' id='word_1_425' title='bbox 715 2440 757 2481; x_wconf 88' lang='lat'>&amp;</span> <span class='ocrx_word' id='word_1_426' title='bbox 769 2439 852 2482; x_wconf 89' lang='lat' dir='ltr'><strong>Cic.</strong></span> <span class='ocrx_word' id='word_1_427' title='bbox 868 2441 913 2483; x_wconf 89' lang='lat' dir='ltr'><strong>de</strong></span> <span class='ocrx_word' id='word_1_428' title='bbox 927 2440 1043 2483; x_wconf 83' lang='lat' dir='ltr'><strong>Orat.</strong></span> <span class='ocrx_word' id='word_1_429' title='bbox 1054 2440 1126 2491; x_wconf 86' lang='lat'>111,</span> <span class='ocrx_word' id='word_1_430' title='bbox 1140 2439 1256 2495; x_wconf 92' lang='lat' dir='ltr'>(IV)</span> <span class='ocrx_word' id='word_1_431' title='bbox 1271 2455 1331 2495; x_wconf 86' lang='lat'><strong>32.</strong></span> <span class='ocrx_word' id='word_1_432' title='bbox 1347 2439 1597 2482; x_wconf 83' lang='lat' dir='ltr'><strong>Philostratus</strong></span> <span class='ocrx_word' id='word_1_433' title='bbox 1610 2441 1649 2480; x_wconf 86' lang='lat' dir='ltr'><strong>in</strong></span> <span class='ocrx_word' id='word_1_434' title='bbox 1661 2441 1746 2481; x_wconf 83' lang='lat' dir='ltr'><strong>eius</strong></span> 
     </span>
    </p>
   </div>
   <div class='ocr_carea' id='block_1_4' title="bbox 1777 0 1841 3180">
    <p class='ocr_par' dir='ltr' id='par_1_11' title="bbox 1777 0 1841 3180">
     <span class='ocr_line' id='line_1_44' title="bbox 1777 0 1841 3180; baseline 0 0"><span class='ocrx_word' id='word_1_435' title='bbox 1777 0 1841 3180; x_wconf 95' lang='lat' dir='ltr'><strong> </strong></span> 
     </span>
    </p>
   </div>
  </div>
 </body>
</html>
