1841 3180
489 132 579 196 558
690 130 1566 180 ANNOTATIONES

537 225 610 261 ead.
626 221 650 262 l.
668 234 697 272 5.
709 223 763 262 Ἐν
776 221 861 262 ταῖς
875 220 1051 274 πυγαῖς)
1071 221 1238 270 (jastius,
1249 222 1277 261 si
1290 224 1381 275 quid
1393 223 1432 262 in
1448 222 1682 266 exsecrando
1694 219 1762 266 tali

480 274 636 325 scelere,
652 277 877 329 Angl.Cod.
893 277 926 315 ἐν
946 276 1032 315 ταῖς
1046 274 1184 328 ἐ’θραιις.
1207 277 1383 317 BouRD.

538 333 610 369 cod.
621 331 643 370 l.
662 346 722 382 15.
739 331 949 369 (θάλλουσα
963 330 998 369 ἐς
1014 329 1090 383 ἀεὶ)
1111 331 1257 370 Thom.
1268 331 1373 383 Mag.
1387 345 1427 370 v.
1442 330 1513 370 ἀεί.
1535 331 1695 373 SOLAN.

537 385 628 436 Pag.
646 400 732 436 243.
746 386 767 423 l.
784 399 817 423 2.
836 383 946 436 Μέλι)
961 384 984 423 ἰ.
997 397 1031 424 e.
1044 385 1280 423 acetumNid.
1295 385 1456 424 Helladii
1469 385 1685 426 Chreflom.
1697 387 1764 426 LA

477 437 642 478 caozt.
667 437 913 490 Antiphrafin
932 438 1047 490 igitur
1068 439 1226 487 dixeris,
1243 438 1305 477 vel
1320 439 1450 491 potius
1460 439 1646 486 ironiam,
1668 442 1760 494 quia

480 491 707 545 antiphrasis
724 505 804 531 non
818 492 1028 532 admittitur
1043 505 1064 531 a
1075 492 1166 531 viris
1181 491 1312 532 cloelis.
1326 492 1469 545 Qualis
1483 506 1621 546 nempe
1633 495 1760 535 ironia

480 546 535 585 est
549 548 584 584 in
601 546 666 585 illo
679 546 784 586 Cael.
798 546 933 586 Aurel.
945 546 999 585 111
1011 577 1022 594 ,
1041 559 1072 592 ι,
1086 547 1191 598 quod
1209 545 1318 586 Voff.
1343 546 1457 586 affert
1472 548 1512 586 in
1525 547 1610 587 lnst.
1630 547 1702 589 Or.
1716 549 1760 588 L.

481 601 521 638 V
527 631 539 646 ,
560 615 619 652 13,
636 600 651 650 ξ
667 615 679 639 1
695 616 707 639 1
718 630 727 648 ‚
742 614 776 653 p.
790 614 840 639 m.
856 615 900 651 25
914 614 927 638 1
946 614 953 640 :
970 602 1093 639 Multa
1107 602 1192 640 enim
1205 602 1391 640 contrariae
1401 603 1683 655 interpretationis
1696 619 1767 642 vo·-

481 656 639 694 cahulum
649 654 868 706 sumserunt:
895 666 933 692 ut
949 653 1037 706 fella
1050 685 1063 701 ,
1085 669 1169 707 quae
1185 655 1308 694 Graeci
1323 658 1478 707 ’γλυκέσι
1492 668 1643 704 vocant,
1667 658 1762 697 velut

478 709 618 756 dulcia,
633 725 709 748 cum
713 711 787 761 sint
799 709 1014 760 amariffima.
1035 709 1096 748 Sic
1113 709 1346 762 Aethiopem
1367 723 1516 762 cygnum
1528 712 1687 758 vocari,
1710 725 1759 751 ex

478 762 619 802 Iuven.
633 764 706 802 Sat.
726 763 793 812 ΙΙΙ,
807 778 845 810 2,
856 763 1017 815 aliaque,
1030 777 1051 802 v
1062 764 1109 802 id.
1121 764 1208 802 ibid.
1227 764 1272 802 Et
1286 776 1357 802 nos
1369 764 1406 802 in
1418 763 1597 818 Ambigg.
1611 765 1688 805 Tit.
1699 768 1764 804 ad·

478 817 552 855 ieeli
566 830 709 857 contrar.
725 820 765 857 δι
781 819 988 869 antiphrafi,
1012 818 1078 857 ubi
1094 819 1192 856 inter
1208 817 1283 857 alia
1295 830 1344 857 ex
1357 817 1486 857 Iustin.
1501 818 1656 866 XXIX,
1675 833 1706 866 ι,
1725 834 1760 871 5,

478 870 736 911 observamus
747 902 760 918 ‚
780 871 1044 911 Ptolemaeum
1061 872 1288 926 Philopatom
1304 883 1490 911 vocatum
1504 903 1515 920 ,
1528 874 1595 926 qui
1610 884 1758 926 patrem

477 937 525 964 ac
539 937 697 965 matrem
712 925 952 966 interfecerit.
962 927 1111 965 Verum
1124 927 1230 980 quod
1242 927 1442 966 Aurelian.
1457 927 1549 966 loco
1562 928 1681 968 modo
1695 929 1759 967 ad.

477 979 599 1018 duuo
615 993 775 1033 quoque
799 980 910 1028 dicit,
932 981 1171 1033 orthopnoeam
1193 981 1307 1020 etiam
1325 993 1348 1019 a
1369 981 1570 1021 contrario
1594 981 1733 1022 dietam
1747 1013 1759 1031 ‚

475 1032 667 1087 (namque
681 1036 755 1074 ait:
775 1050 850 1074 cum
857 1035 1077 1088 spirationem
1091 1047 1216 1075 evertat
1230 1051 1271 1074 ac
1285 1036 1459 1087 depravet,
1473 1048 1637 1088 tanquam
1652 1037 1757 1075 corri—

474 1100 539 1138 gat
556 1091 786 1142 orthopnoea,
808 1089 1043 1142 nuncupatur)
1067 1089 1101 1128 id
1125 1091 1252 1129 minus
1270 1102 1421 1128 verum.
1442 1090 1503 1129 Sic
1519 1091 1620 1129 enim
1636 1090 1759 1132 <mus

474 1141 539 1180 ille
554 1144 715 1183 morbus
726 1175 738 1192 ‚
751 1144 858 1196 quod
870 1144 976 1196 aegri
992 1156 1073 1182 non
1088 1143 1154 1182 nisi
1167 1144 1297 1183 ereao
1314 1156 1482 1197 corpore
1500 1143 1674 1197 spiritum
1688 1146 1759 1185 du-

479 1208 571 1236 cere
594 1197 759 1237 valeant.
774 1197 873 1238 Cels.
888 1198 964 1243 IV,
977 1211 1014 1237 c.
1032 1213 1076 1246 4:
1101 1201 1185 1238 Cum
1205 1199 1273 1249 tufi
1291 1200 1377 1236 reHa
1391 1198 1514 1237 cervice
1520 1199 1667 1252 spiritus
1684 1212 1758 1238 rra-

475 1250 592 1297 hatur,
608 1253 796 1302 ὀρθόπνοια
812 1252 1002 1306 (dicitur).
1017 1252 1077 1292 Sic
1089 1252 1277 1299 Galenus,
1289 1251 1339 1292 slc
1352 1253 1542 1306 Hippocr.
1553 1252 1756 1303 definiunt,

474 1305 554 1345 vid.
569 1305 676 1345 Foes.
691 1306 843 1346 Oecon.
856 1307 975 1359 Hipp.
996 1306 1146 1346 Rmz.

531 1360 614 1400 ibid.
628 1360 808 1413 Πονῶσιν)
821 1360 1008 1400 Ὕπνῶσιν
1021 1363 1057 1401 in
1073 1361 1143 1400 Ms.
1160 1361 1335 1400 BOURD.

533 1417 607 1453 ead.
625 1416 647 1453 l.
663 1429 697 1468 3.
718 1415 963 1468 Ἀλείφουσ-ιν)
979 1415 1052 1455 Ms.
1071 1415 1112 1454 &
1124 1415 1224 1455 Cod.
1237 1414 1355 1468 Angl.
1373 1413 1550 1466 ἱὲροῦσιν·
1567 1416 1676 1457 aliter
1700 1426 1758 1456 ta-'

475 1481 567 1507 men
582 1468 672 1522 legit
686 1469 822 1522 interp.
845 1470 1020 1509 Eoum).
1033 1468 1226 1522 Ἱέροῦσιν)
1243 1470 1355 1509 Hanc
1369 1469 1574 1511 leffionem
1591 1470 1695 1512 A.B.
1715 1472 1757 1512 &

475 1520 517 1561 P.
533 1523 568 1561 in
585 1533 734 1563 textum
746 1524 976 1577 recepimus:
997 1537 1235 1577 quamquam
1247 1523 1343 1564 stare
1356 1524 1514 1576 vulgata
1532 1525 1646 1565 etiam
1666 1537 1756 1579 pot-

475 1575 544 1621 est,
555 1577 785 1626 ἀλείφουσιν,
797 1590 840 1618 ut
850 1578 926 1618 scil.
942 1578 1170 1618 athletarum
1183 1591 1306 1628 more,
1317 1592 1389 1631 pro
1398 1579 1489 1619 oleo
1501 1578 1597 1619 lacte
1606 1593 1756 1633 ungan-

474 1640 554 1669 tur.
570 1631 642 1671 Sed
655 1645 702 1672 ne
713 1634 870 1685 quando
883 1633 1041 1685 penuria
1054 1632 1161 1673 laelis
1171 1633 1362 1680 laborent,
1374 1644 1440 1672 aut
1454 1635 1658 1687 negotium
1669 1634 1755 1686 ipfis

475 1682 702 1725 faceffamus
718 1686 927 1740 mulgendo
938 1717 949 1735 ,
968 1687 1024 1727 uti
1046 1688 1111 1727 mel
1121 1699 1319 1741 emungunt,
1336 1688 1388 1727 ita
1402 1687 1602 1740 lacsudent‚
1617 1689 1754 1730 auctor

476 1737 559 1777 sim.
573 1739 730 1779 SOLAN.
741 1740 939 1793 Quamvis
950 1742 1126 1781 videatur
1141 1741 1236 1781 stare
1250 1740 1356 1795 poffe
1365 1742 1524 1795 vulgata
1539 1742 1753 1783 editionum

473 1793 648 1845 priorum
664 1795 801 1844 leffio,
815 1796 1040 1844 ἁλείφουσιν,
1063 1807 1222 1849 propter
1234 1796 1526 1849 γυμνάζωνται,
1543 1797 1605 1836 cui
1621 1797 1753 1838 ιιηὲὶίο

474 1850 681 1897 convenit·,
694 1860 822 1889 tamen
833 1850 922 1888 nihil
935 1850 1107 1890 miraculi
1118 1850 1288 1899 haberet,
1301 1852 1382 1889 Ιαὲἳε
1396 1851 1489 1905 ungi.
1503 1852 1653 1891 Verum
1667 1865 1751 1905 quo

475 1903 599 1954 magis
615 1903 885 1956 portentosum
904 1904 958 1944 est
974 1904 1183 1956 laesurum,
1209 1917 1258 1945 eo
1283 1905 1440 1950 melius,
1463 1918 1591 1959 eoque
1605 1919 1753 1946 conve·-

472 1956 643 1997 nientius
652 1971 745 1998 cum
762 1971 825 2006 eo,
841 1959 947 2011 quod
962 1958 1219 2011 praemiserat,
1235 1960 1302 1998 mel
1312 1972 1493 2011 emungunt
1504 1973 1515 1998 ε
1528 1970 1636 2000 totus
1646 1961 1749 2000 enim

473 2009 529 2048 est
539 2011 676 2052 annor
687 2013 726 2051 in
740 2011 929 2065 fingendis
943 2012 1141 2060 monstris,
1166 2026 1249 2065 quo
1264 2013 1526 2062 confiderato,
1547 2014 1620 2054 iam
1638 2014 1751 2068 plane

473 2062 626 2117 frigebit
640 2067 843 2119 vulgatum
859 2067 1061 2115 ἀλείφουσι.
1084 2067 1314 2107 Verslonem
1335 2080 1463 2108 tamen
1477 2080 1555 2107 non
1571 2069 1751 2111 immuta·

473 2119 539 2164 vi,
562 2121 652 2172 quia
671 2120 785 2160 Gesn.
804 2122 849 2160 ad
873 2121 1039 2161 nostram
1062 2135 1223 2174 quoque
1244 2121 1446 2162 leflionem
1460 2152 1473 2169 ‚
1493 2135 1592 2175 quae
1605 2135 1653 2162 ex
1668 2135 1750 2162 uno

472 2171 573 2213 Cod.
586 2176 625 2213 in
637 2174 784 2215 GraeV.
799 2176 855 2214 ed.
871 2177 944 2214 iam
961 2187 1040 2215 erat
1053 2187 1200 2223 notata,
1215 2177 1368 2215 videtur
1379 2175 1588 2228 respexiffe.
1601 2176 1746 2223 Rtsz.

524 2232 598 2266 ead.
621 2230 642 2267 l.
660 2242 718 2269 10.
736 2229 788 2279 T37.
802 2231 968 2283 ’γεω-τρὶ)
990 2230 1102 2269 Ridet
1119 2231 1314 2270 Lucianus
1331 2230 1550 2270 historicum
1565 2231 1747 2284 aliquem,

471 2282 538 2333 qui
554 2282 641 2321 talia
650 2284 875 2323 animalcula
887 2285 967 2323 dari
981 2284 1196 2331 tradidisset,
1206 2283 1266 2324 sed
1279 2285 1491 2325 immerito:
1509 2297 1632 2337 nuper
1641 2286 1747 2325 enim

472 2336 559 2387 post
580 2337 800 2378 nostrorum
824 2339 1025 2378 hominum
1054 2339 1100 2377 ad
1122 2339 1246 2378 Indias
1274 2338 1455 2391 utrasque
1479 2339 1747 2390 navigationes

471 2401 718 2443 compertum
734 2392 786 2431 est
798 2423 810 2441 ,
829 2393 1004 2432 exsistere
1018 2405 1138 2445 genus
1153 2393 1412 2446 quadrupedis
1424 2423 1434 2440 ‚
1455 2393 1516 2432 cui
1528 2391 1595 2432 sub
1611 2404 1748 2433 ventre

469 2457 562 2498 pera
575 2445 681 2498 quasi
695 2445 762 2496 est,
777 2447 814 2486 in
829 2460 945 2501 quam
957 2446 994 2487 se
1009 2447 1103 2501 pulli
1115 2448 1346 2488 recondunt.
1362 2446 1592 2489 Cuiusmodi
1606 2447 1750 2489 Canta-
