1841 3180
492 107 589 161 ,572
687 91 1574 142 ANNOTATIONES

493 184 695 232 m153Var.
709 184 804 224 Hist.
821 184 909 231 XII,
926 197 985 237 35.
1003 183 1076 223 Sed
1090 182 1200 222 foede
1216 194 1423 236 corruptus
1435 183 1548 224 locus
1559 183 1611 224 est
1623 183 1683 225 ille
1694 185 1781 226 Ae-
1830 184 1841 223 ’ἒ

493 237 592 276 liani.
606 237 728 277 Fuere
743 239 895 291 quidem
920 238 1002 276 duo
1016 236 1219 284 Periandri,
1235 236 1293 277 sed
1308 250 1471 290 uterque
1483 249 1696 289 tyrannus;
1714 239 1771 279 sa·
1835 236 1840 263 ¹

525 292 605 330 iens
620 292 678 331 hic
694 291 895 336 Corinthi,
910 291 1142 331 Ambraciae
1164 304 1261 330 vero
1280 290 1375 330 alter
1396 291 1466 330 ille.
1487 293 1588 331 Vide
1601 292 1772 345 Diogen.

494 306 620 385 {aere
633 359 669 398 p.
688 359 747 397 25,
764 346 805 385 δι
818 345 971 397 Menag.
985 355 1065 384 not.
1082 359 1116 396 p.
1133 346 1191 398 36.
1210 344 1294 396 Qui
1309 345 1529 384 Periandrum
1542 345 1619 384 Vll
1632 345 1772 398 sapien·

497 399 602 438 t-ibus
616 399 857 438 annumerari
871 398 1025 446 nolunt,
1043 399 1270 450 Epimenidem
1283 411 1354 451 pro
1369 411 1418 438 eo
1434 412 1636 451 reponunt.
1655 399 1769 452 (vid.

494 451 592 491 Plut.
607 452 738 491 Solon.
758 465 769 489 ι
784 465 829 503 ς4
840 482 849 500 ,
865 466 899 491 2.
912 451 930 504 )
944 451 1052 491 Plato
1066 465 1164 491 vero
1176 454 1365 491 Eudoxum
1376 483 1386 500 ‚
1402 451 1493 491 teste
1507 452 1624 505 Diog.
1642 453 1771 494 Laert.

493 519 520 557 7
538 505 578 544 F.
592 504 652 544 sed
667 506 705 543 in
717 505 869 558 Protag.
887 506 961 545 206
976 505 1016 544 F.
1034 505 1100 544 ubi
1117 505 1303 558 sapientes
1317 505 1422 545 Plato
1436 505 1603 546 recenset
1620 537 1632 554 ‚
1648 509 1772 547 Eudo.-
1840 546 1841 551 ,

495 575 564 598 xus
580 559 642 598 ille
656 571 734 597 non
747 568 957 611 comparet.
970 559 1096 599 Immo
1111 558 1313 612 Diogenes
1328 558 1404 612 ipse
1420 573 1467 598 10
1480 559 1533 599 D.
1545 559 1706 613 Myfima
1719 562 1771 602 ibi
1840 583 1841 586 =

492 626 566 665 pro
582 613 770 652 Periandro
783 626 803 652 a
816 613 977 652 Platone
992 612 1190 653 suffetium
1203 612 1393 652 observat.
1411 615 1519 653 Vere
1537 614 1667 666 itaque
1681 627 1775 655 cen-

490 666 544 705 set
560 666 782 719 Menag³us,
803 668 967 719 priorem
982 667 1172 720 Diogenis
1197 667 1327 706 locum
1346 666 1452 707 scioli
1467 665 1541 707 effe
1563 667 1770 720 glossema,

491 722 600 773 quod
615 721 653 759 in
673 731 822 760 textum
839 720 998 760 absurde
1020 730 1219 774 receptum
1234 720 1300 760 est.
1315 721 1419 760 Vide
1433 731 1543 760 notas
1561 721 1644 760 eius
1667 722 1713 761 ad
1729 736 1776 762 u-

491 784 674 826 trumque
688 774 817 814 locum
830 804 841 823 ,
861 775 961 814 unde
976 775 1095 814 multa
1109 787 1158 814 ex
1178 774 1342 827 antiquis
1353 775 1614 827 Scriptoribus
1630 775 1748 815 habes
1759 806 1774 823 ‚

493 841 594 881 quae
608 829 653 867 ad
666 829 886 881 catalogum
899 828 1005 868 illum
1020 829 1095 868 VIl
1106 828 1326 881 Sapientum
1341 827 1519 880 speetant.
1534 828 1691 868 SOLAN.
1705 829 1774 870 Pe-

494 882 645 922 riander
665 881 783 922 insula
804 883 1006 924 beatorum
1023 883 1163 922 excidit
1185 882 1287 922 haud
1310 882 1446 930 dubie,
1461 881 1568 935 q'uod
1581 894 1775 934 tyrannus

491 935 585 976 effer
595 965 606 981 ‚
623 937 664 976 δι
677 935 892 990 oppressam
908 935 1091 976 servitute
1104 934 1338 976 Corinthum
1351 947 1510 976 teneret.
1525 935 1656 976 Gnsn.

547 994 620 1028 ead.
633 991 656 1029 l.
674 1004 687 1028 1
698 1005 732 1029 2.
752 989 1062 1043 Ἀἒολεσχοῦντα
1074 993 1180 1040 μετὰ
1195 989 1396 1043 Νέστορος)
1418 989 1544 1042 Quod
1559 989 1720 1042 optabat
1733 990 1774 1031 in

492 1043 638 1083 ultimis
651 1042 892 1083 sermonibus
903 1044 991 1094 suis,
1006 1057 1027 1084 a
1039 1044 1202 1084 Platone
1223 1045 1263 1083 in
1275 1044 1472 1098 Apologia
1483 1044 1522 1084 δι
1535 1044 1774 1098 Xenophon-

492 1108 531 1137 te
549 1096 716 1136 servatis.
736 1097 864 1138 GESN.

548 1152 639 1204 Pag.
661 1165 748 1199 277.
768 1152 790 1190 l.
811 1165 867 1191 10.
877 1151 998 1191 Ὥστε
1018 1150 1143 1205 γῆμαι
1163 1150 1324 1206 Λαΐδα)
1341 1151 1449 1192 Serio
1468 1150 1617 1204 accepit
1636 1151 1775 1192 Menae

492 1205 580 1258 gius
591 1235 601 1252 ,
618 1205 685 1259 (ad
698 1205 818 1259 Diog.
831 1206 958 1246 Laert.
972 1220 1008 1259 p.
1026 1205 1098 1259 138
1121 1205 1173 1245 D.
1186 1206 1250 1259 E.)
1266 1206 1371 1258 quod
1384 1205 1506 1245 nolim
1520 1218 1542 1244 a
1555 1215 1666 1245 tanto
1682 1206 1787 1245 viro.

491 1260 650 1300 fadum.
665 1259 797 1299 Iocose
809 1261 911 1300 enim
926 1259 1020 1299 haec
1034 1260 1241 1308 Lucianus,
1258 1260 1351 1313 quia
1364 1273 1385 1298 a
1400 1259 1540 1312 nuptiis
1554 1259 1773 1299 abhorruis-

491 1313 530 1352 se
550 1314 711 1352 traditur
722 1313 935 1367 Diogenes.
949 1313 1039 1354 vid.
1052 1313 1173 1367 Diog.
1187 1314 1315 1354 Laert.
1333 1313 1466 1363 144E-
1483 1313 1523 1353 δι
1541 1325 1615 1365 150
1632 1313 1672 1353 E.
1692 1313 1777 1366 ἐρω-

491 1367 610 1407 τηθεὶς
624 1368 716 1418 ποίῳ
738 1368 853 1420 καιρῷ
872 1367 1113 1421 ἒεῒγαμεῖη
1128 1368 1217 1417 ἔφη,
1243 1367 1329 1408 τοὺς
1347 1367 1415 1418 μὲν
1436 1367 1534 1407 νέους
1551 1366 1787 1417 unumve,

491 1421 577 1460 τοὺς
589 1420 634 1460 ἑὲ
648 1422 917 1474 ’πρεσβυτέρους
928 1422 1030 1470 pense
1045 1423 1215 1462 πώποτε.
1229 1421 1268 1460 &
1286 1436 1357 1474 155
1373 1422 1418 1461 B.
1433 1419 1543 1473 ἔλεγε
1558 1419 1602 1460 Σὲ
1617 1421 1682 1461 καὶ
1698 1435 1776 1460 κοι-

491 1477 560 1515 νὰς
575 1473 668 1515 εἶναι
683 1475 761 1515 δεῖν
779 1477 851 1515 τὰς
868 1476 1072 1528 γυναῖκας·
1097 1476 1224 1530 γάμον
1242 1475 1346 1526 [anst
1367 1474 1562 1527 ὀνομάζων,
1577 1473 1685 1515 ἀλλὰ,
1709 1478 1776 1515 τὸν

491 1529 687 1569 πείσαντα
701 1529 749 1580 τῇ
763 1531 930 1578 oreta-&512
948 1530 1125 1569 συνεῖναι.
1144 1530 1304 1571 SOLAN.

549 1586 622 1621 ead.
636 1584 659 1622 l.
678 1598 691 1622 ι
706 1597 734 1635 5.
748 1584 932 1634 Τέταρτον
949 1604 996 1615 --
1017 1583 1242 1637 ἐλλεβορίσῃ)
1260 1583 1360 1624 Vide
1374 1581 1486 1637 supra
1499 1587 1535 1626 B.
1550 1596 1671 1636 πρασ.
1685 1591 1776 1637 caps

493 1650 559 1690 23,
573 1636 613 1675 δι
627 1635 722 1689 Ἕρμ.
738 1651 770 1677 c.
784 1637 845 1676 86.
859 1637 1016 1676 SOLAN.

550 1693 622 1729 ead.
634 1692 658 1729 l.
675 1693 733 1730 16.
743 1690 990 1743 Ἐλλεβορίση)
1004 1690 1122 1730 Conf.
1141 1690 1242 1742 supr.
1252 1691 1430 1730 Hermot.
1445 1703 1478 1730 c.
1491 1689 1558 1730 ult.
1576 1689 1747 1731 GUYET.

548 1745 628 1784 ibid.
643 1744 948 1795 Ἀκαὸημαῐκοὺς
960 1745 977 1798 )
990 1745 1182 1797 Analogia
1196 1744 1346 1784 videtur
1367 1743 1522 1788 suadere
1535 1743 1773 1784 scribendum

493 1797 815 1849 Ἀκαέημιαιιοὺς.
827 1800 978 1839 Verum
1005 1799 1109 1850 prius
1131 1811 1179 1838 ex
1201 1797 1273 1838 usu
1288 1798 1474 1845 obtinuit,
1494 1798 1683 1852 pluraque
1696 1799 1774 1841 hu-

494 1853 555 1892 ius
570 1852 777 1906 scripturae
789 1853 961 1902 exempla
981 1853 1074 1893 citat-
1091 1852 1218 1905 Steph.
1239 1853 1279 1891 in
1293 1852 1407 1892 Thes.
1425 1853 1491 1905 qui
1511 1852 1624 1893 etiam
1640 1851 1773 1892 obser·-

496 1917 578 1954 vat,
589 1906 787 1958 μετάθεσιν
806 1907 1000 1947 vocalium
1016 1907 1053 1945 in
1074 1906 1149 1945 h-oc
1165 1906 1353 1947 adiefflvo
1369 1905 1519 1946 fatiam.
1537 1906 1582 1945 Et
1595 1906 1683 1959 quia
1697 1919 1773 1946 nu-

492 1973 624 2000 merus
637 1961 912 2014 exemplarium
933 1961 1047 2013 longe
1061 1960 1202 2007 maior,
1214 1973 1293 1999 non
1309 1960 1367 1999 hic
1388 1961 1506 2000 modo
1517 1991 1527 2009 ‚
1549 1959 1609 1999 sed
1625 1960 1769 2012 ubique

495 2014 534 2053 in
552 2015 739 2063 Luciam,
756 2015 952 2067 vulgatam
973 2013 1191 2062 confirmat,
1207 2026 1287 2054 non
1307 2014 1568 2060 mihidubium
1581 2013 1657 2062 est,
1673 2013 1773 2055 hanc

493 2067 718 2120 scripturam
733 2068 808 2109 effe
821 2082 964 2108 veram.
978 2069 1125 2108 Rmz.

552 2124 644 2176 Pag.
662 2122 749 2173 278.
765 2123 787 2161 l.
804 2137 840 2172 7.
855 2121 1260 2175 Καταλαμβανοντας)
1280 2121 1666 2171 Καταλαμβανοντας
1679 2120 1772 2161 illud

495 2176 662 2229 pertinet
676 2177 723 2216 ad
745 2175 1029 2227 ἀκαταληψίαν
1046 2176 1388 2217 Academicorum:
1406 2177 1535 2228 itaque
1556 2176 1769 2228 comprehen-

495 2231 595 2269 dendi
610 2230 733 2270 verbo
746 2229 833 2270 usus
845 2229 971 2277 effem,
994 2230 1021 2269 fi
1036 2230 1124 2269 illud
1139 2231 1184 2269 de
1197 2243 1247 2269 eo
1263 2242 1422 2283 quoque
1436 2229 1508 2270 dici
1524 2228 1627 2281 poffe
1642 2227 1774 2268 scivis-

496 2283 595 2331 sem,
619 2285 685 2336 qui
703 2283 858 2325 secutus
878 2284 1039 2323 alterum
1053 2313 1064 2331 ‚
1086 2285 1238 2323 tandem
1259 2283 1480 2337 assequitur.
1508 2283 1645 2335 Neque
1663 2282 1765 2323 enim

496 2337 559 2377 hic
571 2338 615 2376 de
635 2338 741 2385 fure,
756 2349 823 2377 aut
837 2337 951 2378 servo
971 2336 1137 2392 fugitivo
1157 2337 1284 2377 sermo·
1299 2337 1375 2385 est,
1396 2336 1517 2376 sedde
1529 2336 1767 2384 viatoribus,

495 2390 562 2437 ,vel
580 2393 824 2435 currentibus
845 2393 884 2434 in
897 2392 1036 2434 stadio:
1051 2392 1115 2433 ubi
1132 2392 1324 2448 affiquendi
1340 2391 1506 2435 verbum
1520 2390 1761 2441 domicilium
