1841 3180
479 232 571 282 534
673 209 1555 260 ANNOTATIONES

473 307 578 346 Idem
592 305 817 357 Thucydid.
836 303 947 342 initio
960 302 1002 341 L.
1017 300 1075 340 IV
1092 301 1245 342 docebit
1262 312 1300 341 te
1314 301 1430 341 etiam
1443 332 1456 350 ,
1470 314 1587 354 quem
1601 299 1758 342 Demo-

475 360 647 401 sthenem
669 360 709 400 δι
725 360 770 398 ad
793 357 900 410 quod
919 357 1000 395 eius
1023 356 1266 408 praeclarum
1284 355 1430 395 facinus
1445 355 1663 407 respexerit.
1679 355 1758 396 So·

476 426 574 455 LAN.
588 413 756 467 Respicit
770 413 816 451 ad
829 410 1016 461 Thucyd.
1029 410 1102 456 IV,
1125 424 1137 448 1
1149 424 1168 448 2
1181 440 1193 457 ,
1209 409 1275 449 ubi
1290 410 1619 449 Lacedaemonius
1639 407 1759 449 Brasi-

476 469 542 508 das
556 468 784 509 exscendere
805 476 970 504 conatur
993 464 1030 502 in
1055 464 1288 504 munitiones
1309 463 1602 504 Atheniensium
1617 463 1664 503 ad
1683 463 1761 515 Py-

476 523 557 564 lum
571 553 584 569 ‚
600 521 828 574 prohibente
844 516 1120 558 Demosthene.
1134 517 1266 558 GESN.

533 580 607 616 ead.
623 578 645 615 I.
669 589 728 614 11.
742 574 812 612 Καὶ
828 571 1078 620 συνδιωκέτω,
1099 573 1162 610 καὶ
1178 571 1450 624 συμφευγέτω,
1471 571 1536 610 καὶ
1557 569 1658 612 πᾶσι
1676 570 1761 610 τού-

479 646 556 670 τοις
567 631 697 681 μέτρον
711 626 883 680 ἑπέσὲω)
899 626 1038 666 Codex
1055 625 1227 666 vetustus
1243 625 1398 673 melius,
1415 623 1515 666 πᾶσι
1528 627 1678 665 τούτοις
1688 625 1762 676 μέ-

479 700 563 734 τρον
579 683 746 729 ἐπέστω,
760 683 795 720 ἱη
813 681 865 720 lzis
878 682 1032 719 0mru'bus
1038 684 1089 732 fit
1099 683 1233 727 modus,
1248 692 1399 719 teneatur
1409 682 1539 720 modus.
1552 679 1760 732 Sequentia

480 737 714 791 perobscure
731 734 1026 775 transtulerunt:
1047 734 1112 774 καὶ
1132 737 1225 787 πρὶς
1239 734 1371 774 πάντα,
1387 733 1602 780 σπευδέτω,
1626 733 1691 773 καὶ
1712 729 1761 775 ὡς

480 793 658 838 δυνατὸν,
671 790 935 842 ἓμοχρονείτω,
948 790 1013 827 καὶ
1025 788 1312 839 μεταπετέσῑϊω
1330 787 1400 828 ἀπ’
1415 789 1603 841 Ἀρμενίοις
1616 787 1667 826 εἰς
1682 792 1763 828 Mn-

480 845 583 892 δίαν,
600 862 642 884 ac
657 846 833 884 adomnia
848 855 1021 897 properet,
1044 844 1094 890 6»,
1116 855 1281 896 quatenus
1292 844 1371 894 fie'ri
1389 845 1515 896 potest,
1528 842 1613 881 idem
1631 854 1761 896 tempus

482 902 605 939 lzizbeat
615 931 626 947 ‚
639 899 887 951 transvoletque
904 913 948 936 ex
963 898 1129 937 Armenia
1143 898 1180 936 ιή
1192 898 1359 936 Mediam.
1376 897 1485 950 Quid
1499 897 1570 946 est,
1586 897 1671 936 idem
1686 908 1764 936 tem-

478 968 551 1007 pus
564 956 718 992 habeat?
734 954 856 993 Verte
868 982 881 998 ,
895 953 1060 1003 eodemfit
1074 964 1214 1005 tempore
1226 951 1261 990 δ’
1280 952 1369 991 volet
1386 967 1429 991 ex
1443 951 1611 992 Armenia
1624 952 1660 990 in
1682 953 1765 989 Me-

482 1011 594 1049 diam.-
609 1008 746 1047 eodem
765 1018 940 1059 tempore
962 1004 1007 1044 fit
1029 1005 1067 1044 in
1086 1006 1291 1053 Armenia,
1309 1006 1457 1054 Media,
1481 1005 1624 1052 Iberia,
1637 1004 1762 1045 Italia.

482 1064 587 1103 Hinc
605 1064 641 1101 in
659 1062 735 1101 fine
750 1061 862 1101 huius
874 1060 1022 1113 periodi
1037 1059 1147 1108 dicit,
1161 1055 1209 1100 ὥς
1219 1059 1376 1110 μηθενὸς
1397 1058 1522 1112 καιροῦ
1535 1059 1767 1100 ἀπολείποι-

483 1131 528 1155 το
539 1148 550 1164 ,
567 1133 607 1155 nc
626 1116 722 1155 nullo
736 1131 803 1154 non
817 1128 960 1167 tempore
974 1116 1079 1166 affl,
1100 1115 1176 1154 hoc
1189 1113 1243 1154 est
1253 1145 1265 1163 ‚
1289 1113 1437 1168 semper
1447 1115 1488 1154 &
1507 1113 1652 1167 ubique
1663 1145 1675 1163 ‚
1699 1113 1768 1153 ubi

484 1170 626 1224 aliquid
639 1170 799 1223 geritur,
813 1170 943 1208 animo
959 1167 1004 1208 fit
1024 1168 1195 1221 praesto:
1212 1168 1263 1209 fic
1283 1169 1387 1208 enim
1408 1167 1650 1221 intelligenda
1672 1168 1768 1209 haec

485 1223 572 1265 sunt
582 1256 594 1274 ‚
612 1225 837 1277 interpretes
852 1235 932 1263 non
943 1234 1140 1276 ceperunt.
1155 1222 1276 1263 Paulo
1292 1221 1452 1263 inferius
1465 1222 1648 1263 tenebrae
1661 1221 1769 1275 offu-

486 1278 550 1319 sae
561 1292 721 1333 quoque
734 1278 820 1317 sunt
835 1278 893 1316 his
907 1277 1055 1317 verbis:
1071 1273 1109 1316 οὗ
1122 1279 1201 1330 γὰρ
1216 1275 1341 1329 ὥσπερ
1354 1276 1433 1316 τοῖς
1445 1273 1587 1330 ῥήτορσι
1601 1277 1768 1330 γράφου·
1822 1283 1826 1333 2

488 1348 560 1380 σιν,
576 1335 686 1373 ἀλλὰ,
697 1335 750 1371 τὰ,
762 1332 830 1383 μὲν
845 1331 1114 1385 λεχθησόμενέι
1135 1332 1215 1372 ἐστι
1227 1360 1238 1379 ,
1253 1332 1316 1371 καὶ
1331 1328 1527 1383 εἰρήσεται·
1542 1331 1768 1384 πέπρωκτιιι

486 1390 568 1441 ’γὰρ
592 1385 677 1428 iisn.
692 1386 719 1427 ὃ
722 1387 791 1426 eis
795 1386 809 1425 ὲ
824 1386 945 1438 τάξαι
954 1416 966 1433 ,
981 1386 1046 1425 καὶ
1061 1384 1180 1426 εἰπεῖν
1193 1383 1308 1425 αὐτά.
1325 1387 1411 1425 Non
1421 1387 1508 1426 enim
1521 1386 1618 1439 quast
1627 1386 1768 1424 rhetori-

488 1445 550 1480 hus
557 1441 592 1494 s
592 1443 736 1487 eribant,
742 1441 810 1493 sed
825 1456 909 1494 quae
922 1441 1062 1479 dicenda
1068 1440 1173 1492 sunt,
1192 1442 1294 1480 etiam
1313 1441 1481 1480 dicentur.-
1499 1456 1580 1480 nam
1593 1440 1661 1479 iam
1666 1438 1766 1491 flzHa

483 1497 583 1548 fient.
598 1500 720 1535 Verum
733 1495 902 1548 disponere
913 1495 974 1534 illa
987 1496 1092 1542 debet,
1108 1496 1142 1533 δ’
1154 1510 1302 1534 narrare.
1318 1495 1409 1535 Hoc
1422 1493 1476 1534 est
1486 1525 1499 1543 ‚
1513 1508 1594 1534 non
1607 1494 1697 1547 quid
1711 1494 1766 1533 di-

488 1561 577 1590 cant
594 1549 783 1590 historicis
794 1550 1054 1602 quaerendum
1067 1581 1078 1598 ,
1094 1550 1129 1588 id
1144 1550 1245 1588 enim
1260 1548 1315 1589 est
1329 1549 1404 1588 iam
1425 1548 1569 1589 faelum
1580 1579 1591 1597 ‚
1607 1548 1667 1588 sed
1687 1561 1767 1602 qua

488 1605 639 1645 ratione
661 1606 702 1645 δι
718 1605 854 1644 ordine
868 1604 1004 1644 dicant.
1026 1604 1190 1644 Rhetori
1211 1615 1340 1643 autem
1363 1603 1649 1656 quaerendum,
1674 1601 1766 1655 quid

489 1660 601 1698 dicat.
617 1659 721 1698 Hinc
737 1659 914 1698 inventio
927 1658 1134 1711 praecipua
1145 1657 1373 1699 Rhetorices
1386 1657 1440 1698 est
1451 1671 1551 1712 pars.
1564 1657 1738 1698 GRAEV.

545 1716 618 1752 ead.
637 1713 661 1752 l.
678 1728 736 1752 12.
749 1712 948 1765 Ἐπέστω)
967 1712 1027 1753 Sic
1042 1712 1093 1752 G.
1114 1712 1154 1752 Ρ.
1172 1713 1211 1752 L.
1227 1713 1385 1766 optime.
1405 1713 1449 1752 In
1468 1712 1626 1765 reliquis
1648 1711 1690 1752 δι
1706 1711 1767 1752 Μ.

488 1765 573 1820 ipso
586 1766 748 1807 ἑπέσῑτω.
762 1767 920 1806 SOLAN.

546 1824 621 1860 ead.
635 1822 657 1860 l.
673 1819 802 1870 14²*Hv
814 1819 1053 1874 κατεπείγῃ)
1068 1820 1151 1859 Ἐπ’
1164 1820 1287 1860 ἐκεῖνοι
1308 1820 1585 1868 καταβαινέτω,
1607 1819 1645 1860 {iv
1664 1833 1765 1859 κοιτ-

490 1875 640 1929 sotei-yn,
651 1876 807 1927 interpr.
810 1876 848 1927 fi
850 1875 997 1929 festinet,
1009 1876 1055 1914 ad
1067 1875 1131 1914 illa
1141 1874 1324 1915 transeat:
1340 1875 1516 1923 debebat,
1525 1875 1571 1914 ad
1581 1875 1644 1913 illa
1655 1873 1765 1926 transt

489 1943 564 1975 eat,
579 1932 617 1982 st
638 1941 789 1981 urgeant.
813 1929 932 1982 Apud
954 1929 1164 1969 Isocratem
1185 1929 1226 1969 &
1245 1929 1340 1969 alios
1361 1928 1494 1982 paffim
1515 1929 1712 1976 occurrit,
1726 1928 1766 1968 ἢν

489 1998 569 2022 κατ
577 1984 726 2037 επεὶγιρ,
737 1986 774 2035 fi
785 2000 834 2022 res
849 1996 977 2036 urgeat.
994 1984 1095 2024 Mox
1108 1984 1194 2023 dicit
1208 1983 1349 2024 ὁπόταν
1360 1983 1480 2024 ἐκεῖνα.
1495 1982 1610 2033 καλῖᾔ,
1624 1984 1664 2024 &
1679 1995 1768 2036 pag.

488 2036 563 2090 seq.
577 2038 732 2086 iterum,
747 2037 839 2077 ὅταν
855 2037 900 2078 st:-
912 2038 1014 2078 πάνυ
1030 2039 1248 2090 κατεπείγῃ
1265 2041 1307 2077 τὸ
1320 2036 1710 2092 πρᾶγμοιΝιΤΒΙΝο.
1723 2037 1764 2075 Si

507 2093 640 2146 effluet,
657 2103 828 2132 verterat
845 2093 1039 2133 Benediet.
1054 2092 1214 2132 Rectius
1228 2093 1269 2132 L.
1284 2092 1365 2132 Bos
1378 2093 1424 2133 de
1437 2091 1554 2143 ellips.
1567 2105 1652 2145 pag.
1669 2106 1682 2130 ι
1693 2091 1764 2145 36,

488 2145 627 2199 (quern
640 2147 678 2186 in
689 2146 915 2199 corrigenda
928 2146 1104 2187 versione
1119 2145 1354 2200 sequendum
1371 2146 1613 2201 peritiffimus
1625 2147 1764 2186 harum

488 2201 766 2254 elegantiarum
790 2200 1007 2241 Hemsterh.
1030 2200 1356 2255 annotaverat)st
1368 2217 1418 2241 res
1439 2214 1574 2255 urgeat,
1587 2200 1693 2254 (five
1706 2215 1764 2240 ur-

484 2267 611 2307 gueat,
637 2266 678 2295 ut
700 2255 937 2295 scribendum
954 2255 1123 2308 volunt)
1144 2256 1365 2308 intelligitur
1381 2256 1484 2295 enim
1504 2254 1696 2309 πρᾶγμα,
1720 2264 1765 2295 ut

489 2309 568 2348 Bos
581 2310 693 2350 docet
711 2309 796 2349 ibid.
811 2309 873 2350 Sic
894 2310 1024 2364 itaque
1039 2311 1154 2350 etiam
1179 2323 1283 2350 nunc
1301 2311 1404 2350 verti
1416 2310 1566 2359 malim,
1587 2309 1654 2349 etfi
1670 2307 1766 2348 nihil

488 2362 525 2400 in
544 2362 703 2404 Gesneri
718 2363 895 2404 versione
910 2365 1081 2413 mutavi,
1094 2364 1188 2418 quia
1203 2364 1251 2404 ab
1264 2364 1346 2404 eius
1367 2375 1494 2404 mente
1509 2377 1633 2418 prope
1647 2362 1763 2404 abest.
1818 2384 1819 2387 =

488 2416 637 2457 REITz.
652 2418 759 2457 Nihil
771 2431 872 2469 opus
883 2418 953 2464 est,
965 2431 1008 2458 ut
1024 2418 1108 2471 post
1118 2419 1337 2473 κατεπείγῃ
1352 2419 1414 2458 hic
1424 2419 1574 2459 aliunde
1586 2418 1766 2471 intelliga-

491 2484 575 2510 mus
588 2470 775 2524 πρᾶγμα.
788 2472 1017 2526 Simpliciter
1031 2473 1130 2512 enim
1142 2473 1187 2512 ad
1202 2471 1321 2514 ἐκεῖνα.
1336 2472 1516 2521 refertur,
1527 2472 1634 2527 quod
1645 2472 1763 2513 etiam

488 2525 803 2578 interpretatione
817 2526 1031 2581 expressum
1044 2527 1110 2569 est.
1123 2527 1250 2569 stn.
