1768 3185
278 169 364 214 IN
414 166 1009 214 TYRANNICIDA
1032 168 1098 214 M.
1231 184 1323 234 597

62 251 142 293 ’τοῖς
152 247 377 308 εὗεργέταις.
394 255 501 295 Haec
513 268 580 308 per
597 255 938 308 interrogationem
954 266 1050 307 puto
1064 255 1210 308 prolata
1228 257 1301 296 effe
1311 287 1324 306 ‚

59 315 176 359 atque
189 310 286 348 adeo
299 309 380 348 eius
398 308 546 361 signum
563 311 600 348 in
615 309 719 348 calce
737 309 931 362 utriusque
947 310 1090 362 periodi
1106 312 1321 362 requiritur.

58 358 278 400 Secundum
291 362 408 414 leges,
422 364 472 401 ait
485 393 494 408 ‚
512 376 592 402 non
607 364 726 402 modo
738 364 806 415 qui
822 363 896 415 ipse
908 363 1059 402 caedem
1075 366 1326 416 perpetravit,

60 416 236 466 punitur,
256 414 317 455 sed
338 418 380 456 δι
392 418 461 468 qui
476 428 674 469 utcunque
686 418 811 456 caedis
825 416 959 455 auftor
980 415 1062 456 fuit.
1078 419 1214 468 Ergone
1225 433 1295 455 eum
1307 447 1320 466 ,

58 467 233 522 (pergit)
247 471 305 522 qui
315 470 367 508 ira
380 471 495 510 cecidit
506 471 649 524 aliquem
658 501 672 517 ,
689 471 804 524 puniri
816 483 975 522 tanquam
989 472 1185 509 homicidam
1197 472 1323 522 cenfis,

59 520 300 576 &neutiquam
311 523 444 576 absolvi
461 524 515 562 vis
525 526 545 561 ?
560 525 652 563 Eum
672 540 770 570 vero,
784 526 840 577 qui
849 525 926 577 pari
939 525 1065 564 ratione
1078 540 1119 564 ac
1137 525 1190 563 ille
1205 525 1325 577 (scili-

58 585 123 614 cet
137 577 205 629 qui
221 577 373 616 caedem
393 577 606 626 commifir,
619 578 709 618 licet
729 590 929 631 utcunque
944 576 1055 617 fuerit
1068 578 1228 630 auetor)
1247 580 1323 625 berre

58 629 98 666 de
115 631 253 669 civitate
273 632 408 670 meritus
427 633 491 685 est,
511 647 578 670 non
597 632 706 682 iisdem
725 633 863 683 ciIgnum
884 633 1038 683 censebis,
1060 633 1182 685 quibus
1203 634 1324 684 dignos

56 683 169 734 cenfis
184 686 262 724 bene
273 685 432 724 meritos?
445 684 586 724 Forsan
601 685 739 738 scripsit
748 698 909 738 quoque
920 685 1058 724 Noster
1075 687 1327 725 &von-reimu-

56 749 110 775 ται
120 767 132 783 ,
146 750 226 777 non
239 740 517 778 ἀποκτείνοντα..
534 739 605 778 Sed
621 739 710 778 illud
725 742 830 778 κατὰ
844 741 905 778 τὸν
917 735 1028 778 αὗτὸν
1042 739 1162 787 τούτῳ
1177 739 1327 790 τρόπον,

58 790 196 843 utique
209 790 346 831 sanum
365 792 407 833 &
419 791 607 832 sincerum
624 792 676 832 est
687 823 700 838 ,
713 806 757 833 ac
774 793 822 832 ab
837 792 1012 832 Marcilio
1029 793 1180 844 indigne
1192 792 1325 833 sollici-

54 853 192 885 tatum.
212 845 274 884 Est
292 847 415 894 enim,
437 857 481 885 ut
500 847 747 900 exposuimus
757 877 770 894 ,
778 849 856 900 pari
871 847 998 885 ratione
1012 847 1122 885 mereri
1136 849 1323 898 praemium

57 898 238 949 cenfindus
251 901 296 953 est
307 900 379 947 hic,
397 915 464 953 qua
476 900 530 938 ille
553 901 637 954 (qui
650 903 761 940 caedis
775 900 1020 952 auHorficit‚)
1044 916 1116 938 vere
1133 901 1323 953 commififfi

53 953 207 1001 caedem,
225 953 262 992 6·
276 954 470 1004 puniendus
482 954 563 1007 effi,
583 954 764 1007 censendus
787 957 850 1007 est:
870 953 950 994 five
961 984 976 1000 ,
995 957 1106 993 eadem
1126 955 1251 993 ratione
1271 956 1322 993 illi

55 1006 201 1053 rationi,
218 1022 318 1060 quam
334 1010 432 1047 modo
447 1008 634 1060 pofiaeimus.
657 1007 717 1048 Sic
731 1009 834 1048 enim
858 1003 973 1048 αὐτός
992 1022 1061 1048 τινι
1084 1007 1236 1055 dicitur,
1257 1009 1325 1062 qui

55 1059 168 1112 plane
180 1060 278 1101 idem
291 1060 337 1100 fit
347 1091 358 1110 ,
373 1074 417 1102 ac
431 1062 540 1102 alius.
558 1062 665 1103 IENS.

108 1115 198 1166 Pag.
215 1129 234 1168 3
244 1128 302 1168 19.
317 1116 339 1154 l.
352 1131 389 1163 4,
404 1115 520 1154 Μάλα
531 1115 714 1170 sinim)
735 1116 805 1156 Kx}
815 1114 930 1165 μάλα
943 1114 1110 1154 sanim.
1125 1115 1321 1156 MARCIL.

14 1205 21 1208 .
52 1165 147 1207 Νοη
166 1168 380 1220 improbem
403 1169 494 1208 illud
516 1170 583 1208 καὶ
602 1170 739 1221 μάλα,
754 1170 780 1208 si
798 1170 923 1223 plures
942 1168 1064 1209 Codd.
1085 1169 1323 1211 addicerent:

51 1233 142 1261 nam
156 1223 315 1276 vulgata
327 1223 585 1272 claudicabat,
599 1225 688 1277 quia
704 1236 858 1263 comma
880 1235 967 1262 ante
981 1224 1095 1272 μάλα
1107 1223 1324 1276 expreffum

52 1286 160 1322 erat,
180 1277 376 1330 quodiam
392 1275 581 1317 sublatum
597 1278 724 1318 minus
743 1278 911 1317 hiantem
934 1275 1021 1317 facit
1042 1277 1275 1316 orationem:
1292 1277 1322 1317 fi

51 1330 140 1381 quis
152 1340 283 1370 tamen
293 1331 356 1370 mi
369 1330 680 1385 insertumcupit,
690 1333 724 1371 ei
735 1331 822 1371 licet
834 1331 868 1370 id
881 1329 1076 1370 affumere.
1090 1330 1237 1370 Rlzrrz.

70 1428 79 1441 x
104 1384 183 1423 ibid.
203 1382 256 1423 Οὐ
268 1386 352 1437 γὰρ
368 1385 538 1430 ἐβούλετο
550 1385 650 1439 &c.)
667 1386 736 1425 Καὶ
749 1387 828 1439 γὰρ
838 1384 1018 1429 ἐβούλετο.
1033 1384 1182 1424 Etenim
1194 1384 1321 1425 voluit

49 1449 120 1490 par
137 1437 214 1478 effe
233 1437 336 1480 facto
347 1468 357 1485 ‚
376 1438 412 1477 id
424 1439 531 1492 quod
551 1451 658 1479 extra
671 1450 816 1479 metum
836 1437 899 1479 seu
914 1438 1126 1491 periculum
1149 1437 1234 1478 faffi
1248 1470 1258 1487 ‚
1272 1442 1320 1478 τὸ

51 1488 118 1531 τῆς
131 1491 281 1538 ἀδείας,
301 1505 438 1545 nempe
451 1493 613 1545 ἀφορμὴν
630 1494 719 1533 ἴσως
736 1494 934 1545 παρέχειν.
953 1492 1142 1532 MARCIL.
1165 1490 1216 1532 Ου’
1238 1496 1319 1545 ’γὰρ

51 1544 222 1590 ἐβούλετο
241 1540 358 1586 οὗτος.
371 1547 431 1587 Sic
445 1547 645 1600 legendum
658 1547 819 1587 videtur.
833 1546 880 1585 Et
896 1545 948 1585 sic
961 1545 1113 1602 videtur
1125 1546 1248 1599 legiffe
1264 1547 1320 1586 in-

52 1608 213 1651 terpres.
229 1599 399 1641 GuYET.
419 1600 479 1641 Sic
500 1600 539 1639 P.
559 1601 600 1640 δι
623 1601 664 1640 L.
681 1598 719 1640 οὗ
733 1603 812 1652 γὰρ
826 1601 854 1638 ἑ.
874 1614 912 1639 τ.
925 1615 969 1638 ετ.
991 1595 1099 1638 {ia-cor
1114 1615 1155 1652 γ.
1178 1614 1214 1638 τ.
1229 1615 1261 1640 τ.
1275 1602 1316 1640 ἐι.

50 1651 180 1693 Antea
203 1667 275 1707 pro
295 1650 405 1694 Γἰῆτο-ον
427 1655 466 1694 in
487 1655 668 1694 omnibus
688 1654 885 1707 legebatur
909 1655 996 1709 i'qu.
1018 1653 1165 1693 Locum
1182 1666 1320 1694 corru-

47 1717 159 1759 ptum
180 1708 317 1750 merito
331 1707 507 1748 censebat
522 1707 699 1748 Vorstius
711 1739 723 1754 ,
744 1708 810 1760 qui
831 1706 921 1746 illud
935 1708 1048 1745 ὴσσον
1063 1719 1140 1746 non
1153 1708 1312 1747 viderat.

47 1759 206 1800 SOLAN.
225 1762 286 1802 Sic
298 1774 451 1802 vertere
467 1761 591 1802 visum
604 1792 617 1808 ,
631 1774 673 1801 ut
688 1761 766 1814 ipsa
781 1760 1068 1813 argumentandi
1081 1762 1183 1800 ratio
1195 1763 1316 1813 magis

50 1826 210 1867 pateret.
222 1814 504 1868 opponuntur,
518 1826 561 1855 ut
575 1816 753 1863 arbitror,
766 1818 809 1852 τὴ
823 1814 1109 1865 πεπρηγμένον,
1129 1814 1200 1867 (ut
1217 1828 1313 1854 mox

49 1868 197 1916 κεφαλὴ
211 1868 283 1908 τῶν
295 1870 588 1923 πεπραγμένων,
608 1870 649 1910 δι
664 1869 764 1922 alia)
780 1869 814 1907 id
829 1868 933 1921 quod
950 1866 1014 1906 sua
1027 1868 1112 1919 quis
1133 1881 1246 1907 manu
1262 1868 1314 1908 fe-

49 1923 124 1968 cit,
140 1923 180 1962 δι
192 1925 236 1961 τὶ
250 1921 316 1962 τῆς
330 1922 638 1963 ἁέείας.”Αδ“ειαν
651 1934 777 1962 autem
793 1934 910 1974 puto,
928 1934 1043 1974 quam
1064 1922 1180 1961 modo
1198 1923 1314 1973 ἀφορ-

47 1977 123 2025 μὴν
133 1975 203 2016 τοῦ
215 1976 322 2026 φόνου
336 1977 442 2016 dixit.
455 1976 721 2017 Obversantur
734 1977 825 2016 mihi
837 1976 909 2014 alia
921 1976 1035 2014 etiam
1054 1975 1142 2014 loca
1155 2006 1166 2021 ,
1183 1976 1250 2014 ubi
1265 1991 1314 2014 οι-

47 2028 189 2073 seaoe&
205 2029 328 2070 ἀδεῶς
342 2030 509 2070 similiter
521 2042 735 2083 ponuntur,
750 2040 793 2069 ut
806 2042 884 2069 non
897 2041 973 2068 tarn
988 2029 1034 2067 ad
1047 2041 1170 2068 metus
1183 2029 1312 2068 absen-

45 2084 138 2122 tiam
155 2085 473 2136 &impunitatem
487 2115 498 2131 ‚
514 2097 631 2137 quam
647 2085 692 2124 ad
709 2085 857 2137 plenam
870 2114 880 2129 ‚
901 2083 955 2122 cui
970 2083 1060 2121 nihil
1073 2085 1174 2135 deest,
1190 2082 1311 2123 facul-

46 2147 162 2177 tatem
175 2169 184 2186 ,
201 2139 608 2191 opportunitatemque
627 2137 858 2179 referantur:
885 2135 945 2176 sed
967 2139 1173 2176 memoriae
1187 2137 1310 2177 confi-

46 2189 134 2239 susq
147 2202 189 2233 ut
205 2191 248 2232 fit
259 2220 269 2234 ,
286 2192 445 2232 scribere
457 2192 616 2244 neglexi.
632 2192 757 2233 GsssN.

101 2250 175 2285 ead.
186 2247 209 2285 l.
225 2238 418 2298 ς.’“”Ησ-σον)
433 2245 542 2298 Quia
554 2247 684 2299 probis
696 2245 819 2286 Codd.
835 2245 982 2290 nititur,
997 2243 1036 2283 δι
1047 2243 1181 2282 bellam
1198 2257 1307 2296 argu-

47 2301 321 2340 mentationem
344 2300 482 2345 efficit,
501 2301 649 2352 recepi,
669 2301 708 2339 &
730 2312 801 2353 pro
825 2314 933 2337 nonne
955 2320 999 2327 —
1020 2298 1187 2350 aequalem
1199 2313 1214 2344 ;
1234 2315 1301 2337 non

45 2355 132 2394 enim
145 2356 321 2399 minorem,
336 2353 375 2392 in
388 2352 565 2393 versione
580 2353 752 2406 reposui,
767 2364 938 2405 utquam
960 2352 1112 2390 minime
1126 2352 1241 2389 multa
1263 2353 1302 2391 in

45 2407 204 2449 Gesneri
218 2407 533 2460 interpretatione
548 2418 757 2455 murarem3
776 2419 873 2459 quae
891 2406 936 2444 ad
955 2405 1151 2457 vulgatam
1165 2402 1201 2443 οὗ
1222 2407 1303 2457 ’γὰρ

51 2482 96 2495 ··-
110 2476 187 2504 ὅσον
200 2460 411 2516 composita
422 2491 433 2511 ,
447 2461 497 2502 slc
515 2461 697 2502 habebat:
713 2477 821 2500 nonne
839 2460 925 2499 enim
942 2459 1052 2498 voluit
1064 2460 1127 2511 ipsi
1134 2459 1228 2511 sablo
1241 2475 1302 2503 ‹ze-q

939 2512 1055 2565 1²93
