1768 3185
221 139 296 185 IN
316 139 563 186 ZEUXIN
582 140 708 187 VEL
725 137 1142 191 ANTIOCHUM.⁴
1238 160 1328 211 445

0 236 13 266 ὲ
62 227 127 272 sed
140 242 225 270 eam
237 229 367 271 locum
380 231 521 271 habere
532 230 638 284 poffe
652 231 832 284 putabam
842 262 856 278 ‚
874 231 916 271 &
930 230 958 270 si
970 231 1058 270 illud
1072 230 1227 271 Sefnon
1241 235 1336 276 inse-

0 301 8 311 ·
60 297 214 332 ramus,
229 283 291 324 sed
314 286 580 338 intelligamus.
595 284 721 324 Decet
742 286 880 324 iratum
898 285 940 324 δι
954 284 1251 326 stomachantem
1268 289 1335 327 ab·

7 357 9 363 ·
61 350 178 392 rupta
189 339 326 378 oratio.
341 338 472 379 stN.
489 338 584 378 lllud
597 338 688 378 ἴσως
700 338 767 378 τοῦ
778 370 790 387 ,
806 340 911 390 quod
922 338 1018 379 Cod.
1039 339 1080 377 L.
1096 352 1185 391 prae
1197 339 1234 379 se
1248 340 1336 387 fert,

63 391 222 445 gloffam
238 392 334 438 olet,
351 406 466 445 quam
482 393 568 445 quis
582 393 798 432 come-flans
810 392 937 432 forsan
950 392 1016 431 τοῦ
1036 405 1108 445 pro
1121 393 1194 432 τῶν
1206 389 1335 446 legen-

0 456 4 460 ·
58 447 176 494 dum,
192 446 317 499 (quod
333 445 419 486 sane
430 459 567 486 verum
582 445 702 498 foret)
715 447 876 498 margini
889 445 1118 499 apposuerat
1129 478 1141 496 ‚
1157 460 1338 500 quaeque

0 511 5 531 ’ν
57 499 193 539 deinde
206 530 218 547 ‚
232 500 338 553 quod
359 499 468 553 saepe
489 499 575 540 fieri
596 511 733 540 notum
752 502 828 547 eit,
849 501 888 539 in
905 511 1057 540 textum
1081 503 1129 539 ab
1154 502 1335 555 imperito

60 552 116 594 est
130 553 297 593 admiffa.
318 554 467 593 Rmrz.

0 627 1 631 =
53 641 55 643 ,
117 607 196 646 ibid.
207 608 280 656 Ἐφ’
291 607 394 661 ὅτῳ)
411 608 549 647 Zeuxis
562 607 667 646 iubet
682 607 781 646 hanc
801 608 970 648 tabulam
992 607 1225 661 propositam
1239 624 1336 662 pue-

61 673 130 701 ros
143 662 304 701 domum
320 660 419 701 ferre
431 693 442 710 ‚
457 663 549 714 quia
564 659 794 714 spe&atores
806 674 885 701 non
901 660 1101 701 artificium
1116 662 1337 712 laudabant,

58 713 124 754 sed
153 716 369 756 novitatem
387 716 429 755 δι
459 716 621 755 insolens
647 727 915 768 argumentum
925 745 936 762 ‚
963 716 1110 755 dicens:
1137 712 1234 757 οὗτοι
1256 721 1337 773 γᾶς

59 765 162 818 §aar
174 772 237 810 τὶν
248 773 368 810 πηλὶιν
382 769 450 811 τῆς
464 771 606 820 τέχνης
619 767 830 817 ἐπαινοῦσι,
843 769 917 808 τῶν
931 769 970 808 <1⁰
982 770 1048 819 ἐφ’
1058 770 1149 819 ὅτῳ,
1162 771 1192 809 εἰ
1206 772 1335 812 καλῶς

58 820 150 875 ἕχει
162 853 177 870 ,
192 822 259 862 καὶ
273 826 382 862 κατὰ
401 823 468 863 τὴν
490 832 648 875 τεχνην,
661 818 698 862 οὗ
722 822 839 862 πολὺν
860 821 1053 862 ποιοῦνται
1067 823 1192 877 λόγον.
1216 825 1337 866 Inter-

60 889 149 930 pres
168 877 450 918 Salmurienfis:
466 879 521 916 Hi
544 893 686 930 namque
709 878 837 928 nostrae
861 878 971 916 lutum
984 878 1071 915 artis
1093 878 1260 925 laudant,
1269 880 1337 930 sed

58 932 181 971 mentis
195 932 230 971 δ’
241 931 340 985 [εορὶ
351 963 362 980 ,
380 947 461 970 num
481 936 559 970 recle
572 932 607 969 δ’
620 947 664 970 ex
675 944 745 969 arte
748 930 882 981 fastum
883 934 933 982 fit
951 945 1052 983 opus,
1063 932 1194 971 nullam
1210 935 1333 973 habent

59 986 235 1025 rationem.
248 986 411 1032 Mirum,
424 988 479 1024 τὲι
489 984 549 1037 ἐφ’
563 985 636 1034 ὅτῳ
652 983 726 1024 effe
738 997 874 1024 mentem
887 986 921 1024 6³
926 985 1081 1038 scopum.
1097 985 1335 1039 Obsopoeus

60 1039 176 1092 plane
188 1039 328 1080 omifit.
341 1039 420 1089 Ἐφ’
434 1039 522 1088 ὅτῳ,
537 1038 596 1089 ἐφ’
614 1036 655 1089 ᾠ,
672 1039 734 1089 ἐφ’
748 1036 813 1088 οῖς,
828 1039 987 1080 Graecis
1008 1039 1060 1079 est
1073 1069 1085 1084 ,
1104 1055 1172 1093 qua
1193 1044 1231 1078 de
1249 1057 1334 1081 cau-

55 1093 124 1146 sa,
140 1094 257 1147 quain
271 1110 317 1133 re.
331 1094 475 1133 Herod.
490 1092 670 1144 Polymn.
685 1092 877 1144 πυθόμενοι
901 1093 962 1144 ἐφ’
981 1088 1033 1133 οἷς
1055 1086 1172 1142 ἦλθον,
1180 1095 1337 1147 sciscita-

59 1148 101 1196 ti,
110 1163 179 1200 qua
189 1150 229 1187 de
241 1148 347 1199 caufiz
358 1148 525 1201 venzffent.
539 1147 610 1187 Sed
624 1148 662 1186 in
675 1147 852 1186 Luciano
865 1147 966 1187 deest
977 1147 1154 1194 verbum,
1168 1150 1214 1188 ad
1224 1151 1334 1202 quod

60 1201 251 1242 referatur
269 1201 330 1252 ἐφ’
354 1201 438 1250 ὅτῳ.
461 1201 560 1241 Puto
582 1202 695 1254 igitur
715 1200 890 1241 excidiffe
911 1205 956 1240 ‘rb
977 1200 1063 1248 θεῖ,
1080 1203 1193 1255 idque
1207 1204 1337 1243 absor-

60 1266 172 1308 ptum
184 1255 258 1296 effe
273 1268 297 1294 a
312 1255 492 1309 sequente
505 1256 650 1295 vocula
665 1255 695 1294 εἰ
708 1286 718 1304 ,
733 1268 815 1307 quo
836 1255 987 1295 nullum
1009 1256 1047 1293 in
1069 1257 1199 1310 priscis
1215 1271 1337 1297 mem-

60 1309 190 1349 branis
200 1309 437 1363 frequentius
449 1309 503 1350 est
513 1322 692 1349 erratum.
709 1309 769 1349 Sic
787 1310 903 1361 igitur
916 1308 1059 1349 scribas
1073 1323 1082 1349 :
1099 1310 1170 1350 τῶν
1181 1310 1218 1350 θ’
1233 1312 1285 1359 ἐφ’
1298 1312 1334 1351 ‘0'-

58 1378 116 1413 τῳ
127 1363 202 1411 ssa]
215 1365 246 1403 εἰ
263 1364 387 1404 καλῶς
399 1366 497 1418 ἔχει,
510 1365 574 1403 καὶ
589 1366 695 1403 κατὰ,
708 1364 774 1402 τὴν
786 1366 942 1415 τέχνην,
958 1362 994 1402 οὐ
1005 1363 1123 1402 πολὺν
1134 1364 1334 1406 ποιοῦνται

60 1417 187 1471 λόγον.
208 1420 350 1457 Illorum
363 1434 463 1464 vero,
477 1431 613 1471 propter
627 1433 712 1471 quae
735 1430 881 1467 oportet,
902 1416 950 1456 sc.
972 1417 1152 1464 ἐπαινεῖν,
1174 1419 1332 1460 laudare

62 1471 274 1524 piRmam,
286 1488 368 1512 num
394 1477 472 1512 reae
491 1473 722 1524 &secundum
736 1483 839 1511 artem
850 1473 900 1523 fit
908 1472 1032 1523 fafflz,
1052 1472 1184 1511 nullam
1208 1474 1333 1513 habent

62 1526 237 1567 rationem.
255 1526 431 1567 GRAEV.

117 1583 190 1619 ead.
205 1582 230 1620 l.
251 1594 265 1620 1
279 1596 309 1620 1.
320 1580 473 1634 Σωτὴρ)
489 1580 710 1620 Antiochus
723 1580 786 1620 hic
806 1580 980 1620 omnium
995 1580 1209 1632 primus.1n
1225 1594 1335 1621 num-

59 1634 133 1674 mis
143 1633 328 1688 nusquam
341 1636 496 1687 reperiri
510 1635 613 1674 hunc
627 1634 780 1674 titulum
790 1664 804 1680 ,
819 1633 919 1674 testis
931 1633 984 1674 est
998 1634 1139 1686 Spanh.
1153 1650 1200 1683 41
1213 1650 1242 1689 5.
1258 1636 1332 1676 Sed

56 1688 160 1728 idem
181 1689 333 1730 aliunde
345 1688 432 1729 satis
452 1688 669 1729 confirmat.
687 1688 754 1728 Ob
773 1688 870 1728 hanc
889 1688 1007 1741 ipsam
1026 1701 1194 1742 pugnam
1213 1691 1248 1729 ei
1269 1691 1332 1730 da.

57 1752 142 1783 tum
158 1743 270 1782 tradit
281 1744 481 1796 Appianus
493 1743 531 1782 in
544 1743 725 1794 Syriacis.
739 1742 897 1782 SOLAN.

115 1799 190 1836 ead.
204 1798 230 1837 l.
245 1798 302 1837 16.
314 1798 393 1838 Ἐπὶ
403 1798 600 1851 μετώπου)
614 1796 849 1849 Obsopoeus
865 1806 1056 1843 verterat,
1068 1812 1091 1835 a
1106 1809 1208 1850 tergo,
1230 1810 1303 1850 pro
1316 1829 1329 1846 ‚

60 1850 249 1903 infreme,
267 1850 352 1891 satis
369 1852 546 1903 imperite
565 1850 754 1904 profecto.
776 1850 923 1889 Rmrz.

116 1905 208 1959 Pag.
226 1919 310 1959 132.
323 1906 347 1945 l.
365 1906 461 1945 1.’E5
475 1904 584 1950 βάθος
602 1904 647 1944 ἑὲ
669 1904 733 1944 ἐπὶ
754 1906 946 1955 τεττάρων
968 1904 1033 1943 καὶ
1054 1904 1171 1944 εἴκοσι
1185 1919 1332 1958 τεταγ-

60 1959 195 2009 μένους
205 1958 388 2012 ὁπλίταις)
403 1958 503 1999 Cum
520 1960 634 1998 toties
647 1958 742 1997 haec
754 1957 826 1997 sint
839 1959 886 1998 ab
903 1958 995 1997 viris
1012 1959 1133 1998 doetis
1146 1959 1332 2011 explana-

61 2021 128 2059 ta,
142 2023 247 2054 certe
271 2014 405 2066 nequit
424 2013 568 2052 laudari
586 2012 838 2058 BenediGtus‚
860 2013 952 2052 dum
966 2013 1234 2065 interpretatur
1254 2014 1331 2066 pri-

62 2079 146 2106 mas
158 2079 282 2107 voces
294 2069 331 2106 in
343 2068 468 2116 medio,
483 2067 584 2106 unde
602 2068 736 2120 utique
748 2078 850 2119 patet
863 2097 875 2114 ‚
889 2079 977 2106 eum
997 2079 1076 2106 non
1090 2066 1327 2107 intellexisse.

61 2119 298 2173 Obsopoeus
317 2121 358 2161 δι
373 2121 576 2174 simplicius
590 2122 630 2161 δι
645 2122 803 2174 propius
817 2121 863 2159 ad
878 2119 1161 2173 intelligentiam
1176 2150 1187 2166 ‚
1203 2123 1239 2159 in
1248 2133 1344 2172 pr0-·

56 2172 221 2226 flandum.
237 2175 374 2215 Livius
385 2174 480 2215 solet
491 2176 616 2215 dicere
626 2204 637 2222 ‚
654 2174 820 2226 introrsus
831 2178 994 2227 porreHos
1009 2175 1153 2222 ordines,
1166 2174 1330 2226 Introrfits

58 2241 174 2281 patere
193 2230 320 2275 aciem,
337 2230 377 2269 δι
391 2230 600 2268 latitudinem
619 2230 712 2268 aciei.
723 2228 869 2268 GRON.
885 2228 944 2267 Sic
952 2228 1159 2281 profimdum
1181 2230 1225 2268 de
1239 2230 1331 2268 den·

61 2280 107 2322 so
121 2295 169 2322 ex
183 2284 392 2334 Herodian.
413 2283 524 2337 supra
541 2283 794 2330 ostendimus,
813 2284 858 2322 ad
872 2282 1001 2322 Piscat.
1021 2295 1053 2322 c.
1075 2296 1118 2321 12
1131 2282 1171 2321 δι
1186 2292 1248 2331 4'1.
1263 2281 1328 2324 De

63 2335 232 2376 Merced.
254 2351 287 2378 c.
305 2350 350 2387 25
368 2337 408 2377 &
424 2352 484 2391 33.
503 2337 564 2377 Sic
579 2337 700 2377 Latini
710 2336 915 2389 profundum
937 2337 1051 2374 etiam
1064 2336 1110 2374 de
1125 2336 1330 2377 dimensio-

65 2402 115 2429 ne
127 2391 367 2439 horizontali‚
380 2403 424 2431 ut
431 2390 622 2444 proficndae
624 2392 735 2443 silvae
745 2393 848 2444 apud
861 2391 1066 2437 Lucret.V‚
1077 2405 1127 2437 42
1137 2420 1150 2435 ,
1164 2390 1205 2429 δι
1216 2389 1327 2430 Curt.

0 2469 1 2482 l
62 2443 161 2494 vn,
172 2458 213 2499 7,
223 2460 269 2496 4,
287 2446 394 2500 quod
404 2447 479 2487 iam
493 2446 572 2485 dixi
583 2446 624 2486 in
636 2445 734 2487 libro
744 2447 784 2485 de
798 2445 994 2498 Ambiguis.
1011 2443 1129 2497 Quae
1142 2444 1189 2486 de
1204 2443 1330 2486 altitu-
