1768 3185
121 252 470 325 QUOMODO
489 247 802 296 HISTORIA
820 246 921 296 SIT
942 247 1337 308 CONSCR189

61 367 144 401 των
178 343 400 434 ὁρωντων,
407 338 717 403 ἑαπεσφαξεν(
704 364 846 393 εαυτον
877 338 946 392 ὲπι
978 366 1040 392 τω
1068 340 1230 410 τάίῖω,
1265 365 1340 392 ουκ

59 421 268 483 ἀνάξιος
251 444 326 474 ων,
343 441 416 488 μα
441 441 506 469 τον
531 417 769 472 Ενυάλιον,
791 440 868 488 προ
894 429 1066 468 πολλου
1090 420 1311 468 αποθανειν
1326 453 1338 471 ,

65 505 101 549 εὶ
118 518 298 547 τοιαυτα
318 494 542 567 ὲρρητορευε·
565 516 643 544 και
663 517 778 545 τουτο
797 490 882 554 ἔφη
901 492 1058 550 ἰδόντας
1076 516 1169 550 τους
1188 514 1340 575 παρον-

59 595 145 630 τας
163 570 393 629 ἅπαντας,
418 569 696 640 θαυμάσαι,
721 592 800 621 και
816 591 1152 640 υπερεπαινεσαι
1178 592 1241 619 τον
1263 569 1342 620 A-

60 647 243 720 φράνιον.
264 641 352 712 ἐγω
371 639 418 698 δε
436 668 515 698 και
533 644 697 697 ταλλα
715 668 792 715 μεν
813 668 942 696 αυτου
961 651 1340 710 κατεγίγνωσκον,

62 747 278 796 μονονουχι
299 722 447 791 ζωμων
465 745 542 773 και
523 720 765 773 λοπάδων
784 718 1069 792 μεμνημένου,
1092 744 1169 773 και
1191 721 1343 773 ἐπιδα-

63 824 245 873 κρυοντος
263 823 311 864 τη
338 823 416 851 των
436 796 718 859 πλακουντων
743 813 899 868 μνημη
927 821 1043 849 τουτο
1068 790 1113 848 δε
1133 798 1346 867 μάλιστα

352 874 373 892 l
461 869 479 890 Χ
521 871 537 888 Χ

62 876 304 946 ᾐτιασάμην
316 913 328 930 ,
348 900 406 927 οτι
422 899 483 944 μη
499 898 563 926 τον
583 871 886 964 oeuyypoe32oe‚
902 898 979 926 και
959 872 1259 926 ὃιὸασκαλον
1273 874 1343 926 τοῧ

62 952 280 1045 ἒράματος
309 951 693 1048 προαποσφάξας,
723 946 924 1002 απέθανε
959 948 1167 1008 Πολλους
1197 943 1242 1002 δε
1268 974 1344 1002 και
1372 968 1431 1014 27

63 1029 234 1087 Σίλλους
258 1033 419 1100 ὁμοίους
433 1051 588 1084 του-τοις
606 1050 715 1090 εχων
735 1051 824 1082 σοι,
845 1023 878 1078 ὠ
899 1027 1054 1094 ἑταῖρε,
1077 1025 1345 1099 καταριθμη-

64 1105 250 1158 σασὸ-αι
262 1143 273 1159 ,
291 1111 448 1170 ὀλίγων
466 1128 581 1171 ομως
599 1102 920 1171 ἐπιμνησθεις,
909 1126 979 1155 επι
995 1127 1065 1164 την
1085 1101 1221 1174 ἑτέραν
1240 1103 1343 1155 ὑπο-

62 1204 216 1249 σχεσιν
230 1179 301 1243 ἢδη
310 1178 648 1250 μετελευσομαι,
660 1203 727 1240 την
740 1174 1049 1249 συμβουλην,
1024 1204 1138 1238 οπως
1152 1176 1202 1231 αν
1218 1179 1347 1269 άμει-

61 1282 120 1312 νον
151 1257 412 1329 συγγράφοι
432 1280 507 1314 τις.
539 1254 618 1308 εἱσι
643 1255 733 1322 γάρ
760 1278 882 1313 τινες,
910 1257 943 1307 οἳ
970 1279 1031 1308 τα
1054 1270 1252 1326 μεγαλα
1270 1279 1347 1326 μεν

61 1359 140 1387 των
157 1330 494 1405 πεπραγμένων,
515 1355 595 1384 και
575 1331 966 1402 αέιομνημὸνευτα
985 1339 1343 1404 παραλείπουσιν,

59 1435 84 1472 η
112 1407 465 1483 παραθέουσιν,
448 1433 531 1460 υπο
560 1401 606 1460 δε
636 1410 863 1488 ἰδιωτείας,
899 1433 975 1460 και
1009 1414 1345 1482 απειροκαλίας,

60 1510 140 1540 και
166 1493 348 1552 αγνοίας
373 1509 453 1538 των
473 1483 678 1549 λεκτέων,
698 1489 720 1546 ἦ
743 1483 998 1546 σιωπητέων,
1022 1509 1082 1537 τα
1104 1507 1347 1559 μικροτατα

64 1631 107 1672 &
128 1642 173 1672 ut
196 1630 355 1672 decebat
379 1629 610 1677 Afranium,
633 1630 672 1669 in
699 1629 907 1684 conspefim
938 1631 1115 1671 omnium
1144 1631 1189 1671 ad
1219 1630 1348 1685 sepul-v

63 1706 174 1734 crum
201 1691 238 1732 se
264 1693 480 1742 interemit,
504 1706 585 1732 non
609 1693 812 1746 indignus,
833 1694 884 1733 ita
905 1707 968 1734 me
988 1695 1099 1734 Mars
1125 1707 1251 1743 amet,
1277 1697 1345 1749 qui

63 1756 190 1797 multo
210 1768 300 1796 ante
322 1768 554 1805 moreretur,
578 1755 607 1796 fi
629 1757 784 1810 quidem
805 1757 1037 1798 declamavit
1060 1757 1160 1797 talia.
1185 1758 1233 1797 Et
1246 1758 1344 1806 hoc,

63 1819 140 1867 ait,
163 1831 252 1858 cum
269 1817 448 1858 viderent
465 1817 703 1871 praesentes,
719 1832 856 1859 omnes
874 1820 1082 1860 admiratos
1101 1819 1175 1860 effe
1188 1851 1201 1866 ,
1226 1821 1267 1861 &
1281 1821 1347 1861 su-

62 1892 135 1933 pra
157 1878 317 1919 modum
345 1878 512 1919 laudaffe
537 1878 756 1920 Afranium.
785 1880 871 1933 Ego
897 1894 996 1921 vero
1023 1892 1105 1922 tum
1131 1882 1280 1935 reliqua
1301 1882 1346 1922 il-

61 1941 138 1981 lius
159 1941 385 1981 damnabam
399 1971 413 1988 ,
431 1942 499 1994 qui
518 1951 668 1981 tantum
689 1955 770 1982 non
790 1941 1031 1984 iusculorum
1057 1944 1099 1984 &
1122 1946 1346 1998 patinarum

63 2003 309 2061 meminisset?
330 2003 701 2058 illacrimareturque
725 2006 918 2046 mentioni
942 2006 1232 2060 placentarum3
1268 2008 1345 2049 hoc

61 2079 164 2108 vero
187 2067 348 2107 nomine
370 2068 538 2107 maxime
560 2067 670 2107 illum
692 2068 937 2116 incusabam,
955 2072 1063 2123 quod
1086 2084 1166 2110 non
1189 2071 1345 2111 interfe-

63 2130 129 2172 6ὶο
150 2141 262 2171 antea
283 2129 491 2182 scriptore,
519 2132 588 2184 qui
605 2131 706 2172 hanc
723 2130 891 2172 fabulam
907 2132 1062 2181 docuit,
1081 2145 1167 2172 tum
1186 2133 1343 2173 demum

66 2195 248 2234 mortuus
264 2191 328 2233 est.
344 2191 531 2233 Ceterum
554 2193 698 2233 multos
713 2194 831 2233 etiam
847 2194 944 2234 alios
961 2193 1099 2233 ssmiles
1117 2194 1215 2234 hisce
1226 2226 1237 2241 ‚
1250 2208 1342 2234 cum

62 2267 294 2295 enumerare
319 2253 418 2299 tibi,
452 2251 617 2301 sodalis,
649 2252 812 2307 poffim3
844 2266 973 2294 tamen
1000 2267 1217 2307 paucorum
1244 2255 1346 2297 faeta

63 2311 260 2357 mentione
283 2315 329 2356 ad
357 2315 521 2356 alterum
547 2315 777 2370 promiffum
812 2330 944 2356 meum
977 2317 1053 2356 iam
1078 2317 1268 2367 tranfibo,
1293 2320 1343 2358 ad

62 2378 292 2425 confilium,
316 2378 521 2432 quomodo
541 2378 627 2431 quis
658 2377 796 2419 scribat
820 2379 969 2418 melius.
995 2377 1092 2418 Sunt
1116 2381 1219 2419 enim
1234 2411 1246 2427 ,
1272 2381 1342 2433 qui

65 2453 203 2494 magna
216 2441 374 2494 negotia
395 2441 436 2481 δι
452 2440 568 2492 digna
580 2451 801 2480 memoratu
816 2441 1124 2493 praetermittunt
1141 2452 1210 2480 aut
1222 2441 1342 2480 trans-

62 2511 224 2542 currunt
232 2515 246 2549 3
272 2513 363 2555 prae
385 2499 528 2541 inscitia
551 2512 672 2549 vero,
696 2500 738 2541 &
759 2500 906 2553 pulchri
926 2501 1134 2554 imperitia,
1153 2513 1272 2556 atque
1286 2503 1342 2542 di-

64 2562 279 2604 cendorum
313 2563 645 2616 tacendorumque
675 2563 945 2616 ignoratione,
972 2561 1130 2604 minima
1160 2577 1339 2618 quaeque
