1768 3185
203 162 276 211 ΙΝ
307 163 520 212 VERAE
555 163 904 213 His-sommi
937 164 1050 212 Lm.
1083 167 1119 212 1.
1219 170 1304 232 561

35 262 127 308 Q
144 253 349 295 absorbere
359 285 373 301 ,
390 253 452 294 sed
465 256 648 308 integram
667 255 797 296 navim
810 254 969 295 illaesam
984 269 1051 308 per
1062 255 1230 297 dentium
1250 272 1312 298 ra-

40 310 171 350 ritatae
188 307 299 348 facile
320 308 481 361 potuiss'e
497 310 663 349 transire.
684 310 824 349 Vertas
845 310 959 362 igitur
979 310 1127 350 locum:
1151 326 1218 349 non
1234 328 1312 351 vero

42 364 198 402 dentibus
213 362 312 415 prius
332 364 524 402 comnzinuit
533 394 541 400 .
549 363 615 414 sed
626 379 687 416 per
702 377 812 402 eorum
824 364 996 415 interstitia
1009 365 1111 403 navis
1121 364 1156 402 in
1167 377 1311 404 ventrem

37 416 171 469 decicfit.
196 416 305 456 Haec
317 416 355 455 in
371 415 464 455 Obs.
479 416 574 456 Crit.
591 430 676 470 pag.
697 431 754 468 52.
769 416 810 456 L.
835 417 933 457 Bos.
957 417 1061 456 Nihil
1075 419 1313 457 mutandum.

43 469 130 510 Iam
145 468 398 509 observarunt
411 469 662 516 Grammatici
675 470 823 523 saepius
835 471 1015 524 duplicari
1028 472 1089 510 hic
1103 471 1250 511 literam
1268 470 1314 510 Ῥ.

45 523 156 563 Adde
166 523 282 562 etiam
299 521 447 569 Ἱσπβ,
468 537 589 575 prope
604 523 731 563 finem.
752 524 909 563 SOLAN.

102 579 178 615 ead.
194 576 219 615 l.
238 589 297 615 10.
317 575 451 624 Κῦτος)
466 578 573 616 Ferri
588 590 667 616 non
683 578 807 630 potest
820 577 942 617 κῆτος.
962 577 1064 629 Lege
1078 577 1207 631 itaque
1224 591 1321 626 cum,

46 629 104 668 fl.
116 628 240 670 κῦτος.
252 630 353 669 Vide
368 643 496 669 tamen
507 630 743 670 Breerwood
754 645 790 683 p.
805 645 872 684 ¹33
891 631 1042 683 Oflong.
1065 631 1138 671 διε.
1155 631 1312 672 SOLAN.

43 682 201 723 Lubens
215 682 357 736 arripui
378 681 599 736 scripturam
624 684 888 733 Florentinae;
911 697 997 723 nam
1014 686 1173 738 vulgata
1190 684 1316 735 nine,

45 735 129 784 c'ete,
144 735 291 776 sensum
304 737 463 776 exhibet
474 736 558 777 satis
571 737 791 778 absurdum.
809 738 882 777 Etsi
898 739 999 777 enim
1023 739 1085 777 vel
1098 739 1227 778 omnia
1246 739 1318 778 hu·

45 789 108 830 ius
120 789 299 830 historiae
309 803 530 831 commenta
544 793 683 831 merito
694 791 855 831 absurda
867 793 1016 840 dixeris,
1031 803 1159 832 tamen
1177 794 1318 832 oratio-

47 845 238 884 nisnexus
250 856 331 883 non
341 843 452 884 debet
465 844 539 884 effe
557 844 753 884 absurdus.
767 845 873 884 Nihil
888 858 1013 884 autem
1026 846 1063 884 in
1077 844 1319 898 sequentibus

48 897 121 951 est,
132 898 233 938 unde
246 897 405 950 liqueat,
416 898 595 938 homines
607 899 644 937 in
653 912 721 938 ceto
736 898 919 945 sedentes,
931 899 1044 938 alium
1056 913 1160 938 cetum
1172 899 1315 940 vidiffe.

51 951 124 991 Sed
138 951 229 1005 quid
242 950 444 1004 simplicius
453 951 526 997 est,
547 965 662 1005 quam
681 964 722 992 ut
735 953 834 992 ineo
845 953 1015 999 latentes,
1031 965 1155 1005 partes
1169 954 1251 992 eius
1266 955 1321 992 in-

51 1015 180 1044 ternas
190 1005 447 1058 perlustrarint
460 1005 475 1043 ?
491 1005 630 1058 Quare
640 1005 749 1045 κῦτος
770 1006 831 1045 hic
844 1007 1012 1058 intelligo
1024 1018 1203 1045 tartareum
1214 1022 1320 1059 capa-

48 1057 104 1108 cis
117 1060 192 1097 alvi
204 1058 364 1112 specum,
387 1070 431 1099 ut
442 1059 600 1099 Phaedr.
613 1060 786 1113 loquitur
801 1060 873 1108 lv,
894 1075 928 1111 5,
953 1073 1066 1112 quem
1086 1073 1165 1098 tum
1181 1060 1322 1112 perspi·

53 1122 145 1152 cere
157 1113 330 1161 dabatur,
343 1124 434 1152 cum
450 1113 575 1152 bellua
589 1115 721 1160 hiaret,
742 1113 949 1165 lumenque
961 1126 1048 1152 ante
1061 1125 1239 1165 negatum
1255 1127 1323 1166 per

55 1178 102 1206 os
115 1166 342 1206 admitteret.
358 1166 421 1206 Est
442 1179 539 1206 vero
556 1166 668 1207 κῦτος
683 1167 838 1220 proprie
855 1168 987 1206 alveus
999 1168 1130 1214 navi53
1142 1168 1218 1206 vid.
1235 1167 1326 1206 Pol·

54 1217 131 1260 luc.
142 1219 290 1260 Onom.
300 1219 333 1267 Ι,
342 1219 406 1270 87,
418 1234 452 1273 p.
461 1220 520 1273 58.
530 1221 576 1260 Et
584 1233 712 1268 venter‚·
725 1221 799 1259 vid.
813 1232 944 1260 notam
956 1221 1112 1260 Kuhnii.
1122 1221 1326 1261 Ediderunt

57 1283 188 1313 autem
204 1274 243 1312 in
258 1273 414 1313 Polluce
436 1275 549 1314 κύτος
570 1276 694 1327 prima
715 1286 845 1322 acuta,
868 1287 957 1314 cum
973 1287 1099 1313 tamen
1119 1273 1327 1323 fateantur,

55 1325 148 1367 Mff.
161 1327 302 1367 habere
313 1325 438 1367 κῦτος.
460 1327 516 1368 At
533 1328 638 1368 versa
651 1329 735 1368 vice
751 1329 792 1368 L.
813 1343 854 1373 2,
878 1343 912 1380 p.
932 1341 1020 1375 171,
1041 1327 1153 1367 κῦτος
1174 1328 1327 1374 dedere,

58 1393 150 1420 cum
166 1380 252 1420 Mff.
268 1381 320 1420 ibi
338 1380 447 1421 κύτος
466 1381 593 1434 legere
606 1382 768 1421 affirmet
787 1382 920 1421 editor.
943 1381 1066 1433 Quod
1086 1382 1238 1434 quidem
1254 1394 1328 1421 cur

58 1433 203 1474 'facium
213 1466 226 1484 ,
240 1447 319 1474 non
332 1434 470 1475 video:
491 1448 580 1474 nam
594 1435 622 1474 si
634 1435 885 1475 differentiam
899 1434 1103 1474 statuiffent
1115 1466 1126 1483 ,
1140 1436 1244 1487 quod
1258 1448 1327 1487 po-

62 1487 224 1529 steriore
244 1489 335 1528 loco
356 1490 463 1527 cranii
480 1491 654 1543 capacitas
673 1489 918 1542 significetur,
941 1488 1168 1528 monuiffent
1188 1488 1327 1527 forsan.

60 1541 215 1582 Verum
229 1542 321 1582 nihil
334 1540 568 1583 differentiae
579 1544 694 1584 video
705 1573 719 1590 ,
729 1556 817 1583 cum
830 1543 876 1582 de
891 1543 1028 1595 quavis
1039 1543 1246 1594 capacitate
1259 1554 1331 1581 vas

58 1592 197 1649 ingens
217 1595 405 1636 referente
434 1596 604 1645 dicatur3
624 1610 695 1637 nec
722 1598 821 1636 adeo
845 1609 981 1635 moror
1010 1606 1208 1635 accentum
1223 1625 1235 1641 ‚
1261 1596 1330 1647 qui

62 1649 106 1689 in
125 1648 273 1701 syllaba
287 1649 447 1703 ancipiti
460 1650 648 1690 interdum
664 1651 712 1690 ab
725 1651 804 1690 aliis
817 1648 860 1688 fit
872 1649 1139 1689 circumflexus
1150 1680 1162 1696 ‚
1186 1650 1234 1687 ab
1250 1650 1333 1688 aliis

61 1713 214 1744 acutus.
237 1702 394 1743 Mallem
416 1714 543 1743 tamen
566 1703 677 1743 κῦτος
691 1716 860 1756 utroque
874 1704 985 1749 loco,
1008 1716 1054 1742 ex
1077 1703 1250 1753 analogia
1262 1733 1274 1748 ,
1288 1713 1333 1741 ut

59 1756 193 1809 μῦθος,
200 1757 356 1804 rima&
366 1755 511 1807 fimiha,
520 1771 620 1810 quae
634 1757 881 1797 circumfleffi
893 1768 1031 1795 amant.
1043 1757 1152 1795 Adde
1162 1756 1334 1805 Alciphr.

69 1825 110 1864 3,
122 1810 193 1864 Ep.
206 1825 248 1861 7,
260 1825 298 1863 p.
311 1824 402 1863 292,
419 1811 487 1864 qui
498 1811 606 1851 κῦτος
615 1810 683 1851 τῆς
695 1814 876 1864 γαστρὸς,
893 1810 1065 1862 capacitas
1076 1810 1159 1847 alvi.
1179 1809 1224 1847 Et
1239 1808 1338 1848 Dio-

0 1874 1 1882 *
66 1866 150 1904 dor.
168 1863 241 1904 Sic.
256 1864 325 1912 111,
337 1877 419 1917 cap.
439 1877 491 1913 40
509 1879 558 1904 m.
571 1866 638 1918 qui
653 1877 724 1917 pro
735 1865 830 1903 alveo
842 1862 1103 1902 navisNerfio
1116 1862 1274 1902 Gesneri
1286 1862 1334 1901 ad

0 1919 2 1925 '
67 1918 264 1971 vulgatam
280 1917 334 1957 est
345 1918 574 1970 composita,
587 1919 672 1958 ideo
687 1918 821 1971 reliqui
837 1931 935 1965 eam,
949 1915 1009 1956 sed
1024 1928 1190 1956 mutatae
1204 1915 1336 1955 1Εᾶἰο-

68 1972 127 2011 nis
138 1971 355 2011 versionem
368 1972 403 2010 ei
413 1972 605 2018 adficiens,
619 1985 667 2012 ne
676 1973 765 2011 mihi
775 1973 883 2010 nimis
895 1970 1057 2010 sumsiffe
1071 1971 1182 2009 dicar.
1193 1969 1336 2009 REITZ.

68 2022 127 2066 Ut
147 2025 274 2078 probo
294 2024 495 2064 leffionem
511 2025 638 2072 κῦτος,
657 2039 773 2078 quam
793 2025 994 2064 secururus
1009 2037 1111 2063 eram
1129 2022 1284 2071 scilicet,
1305 2022 1336 2062 fi

72 2079 207 2119 videre
218 2078 311 2118 mihi
323 2078 557 2131 contigiffet3
571 2081 623 2119 ita
635 2080 830 2132 vulgatam
845 2078 950 2118 κῆτος
967 2077 1164 2117 absurdam
1179 2089 1257 2116 non
1269 2090 1339 2128 pu-

14 2165 18 2174 .
71 2143 130 2173 to.
151 2132 287 2184 Quem
308 2132 410 2172 enim
434 2132 569 2184 piscem
589 2145 720 2181 antea,
740 2133 866 2185 qualis
886 2143 992 2170 extra
1013 2130 1123 2178 esset,
1144 2131 1339 2179 viderant,

74 2188 239 2226 eundem
248 2216 261 2235 ‚
280 2198 360 2226 non
373 2186 488 2225 alium
503 2187 539 2225 in
554 2187 620 2227 illo
633 2199 763 2227 cetum
773 2218 785 2236 ‚
799 2186 919 2239 qualis
931 2185 975 2224 fit
987 2186 1088 2224 intus
1098 2185 1240 2222 vident.
1262 2183 1340 2223 Ce-

74 2250 204 2280 terum
219 2240 342 2287 iuvat,
353 2239 443 2279 dum
458 2240 525 2279 ista
539 2240 719 2289 retracto,
728 2239 949 2284 observare,
961 2251 1102 2278 nomen
1115 2236 1223 2275 κῦτος
1233 2250 1343 2288 prae-

77 2293 179 2334 clare
192 2292 418 2341 illustratum
430 2305 454 2331 a
467 2293 520 2333 D.
532 2295 781 2334 W.Trillero
795 2292 887 2333 Obs.
898 2292 995 2332 Crit.
1008 2307 1043 2345 p.
1059 2305 1147 2341 215,
1160 2291 1224 2329 ubi
1241 2291 1342 2330 idem

79 2359 224 2388 nomen
238 2345 340 2386 recte
351 2347 542 2387 abiudicat
552 2348 767 2388 Heliodoro
782 2347 962 2398 Aethiop.
976 2360 1013 2396 9.
1028 2361 1062 2397 p.
1074 2358 1147 2395 445
1166 2357 1221 2396 pr.
1234 2345 1273 2383 δι
1291 2344 1344 2383 ibi

84 2413 168 2440 non
180 2398 288 2440 κῦτος
301 2398 408 2440 ὅταν
420 2403 465 2439 τὶ
477 2401 680 2451 ποτάμιον,
694 2400 755 2441 sed
765 2401 894 2440 Nilum
913 2398 1023 2438 adhc
1035 2398 1212 2436 ἁπάντων
1224 2412 1346 2437 ποτα.-

77 2453 173 2507 μὸν,
184 2453 389 2506 legendum
402 2453 487 2497 effe,
499 2455 810 2504 divineconiecit,
819 2452 929 2494 κῦἓος
942 2453 1104 2545 ips-elza
1113 2467 1138 2489 a
1150 2453 1270 2504 gentis
1277 2464 1346 2491 no-

193 2507 338 2547 Lucian.
363 2507 442 2547 Vol.
462 2509 532 2550 IV.
1075 2516 1104 2543 ss
