1768 3185
246 129 316 175 IN
349 128 560 176 VERAE
595 127 947 177 HISTORIAE
984 129 1095 175 Lm.
1132 131 1168 176 1.
1259 146 1352 198 553¹

69 217 235 259 delotius
247 214 292 257 ὦς
305 217 481 259 ἑκάστοις
500 219 622 259 {sana
633 251 644 267 ‚
659 219 885 272 quomodo,
900 219 928 259 si
945 219 1087 271 legitur
1102 221 1138 260 in
1155 221 1295 276 scripto
1310 225 1350 264 li·-

67 272 165 320 bro,
179 273 215 312 id
228 271 370 312 facium
385 275 607 314 crediderim
622 274 670 313 ab
689 275 849 314 homine
859 287 940 314 non
954 273 1174 328 assequente
1194 276 1347 317 sensum

68 326 254 379 vulgatae
265 326 450 367 leffionis.
462 327 691 368 Benediflus
702 327 918 378 obscurior,
932 330 1074 368 medium
1084 331 1262 368 auxiliarii
1275 333 1348 369 uti-

67 395 132 434 que
144 381 287 433 singuli.
305 380 431 433 Quod
444 383 538 436 quid
559 381 627 421 fibi
641 381 751 422 vult?
769 383 825 422 At
849 382 1001 423 Graeca
1015 383 1174 436 vulgata
1192 385 1351 424 reeriffi-

68 446 132 476 ma
146 433 255 483 sunt,
269 447 486 490 notantque
506 437 669 489 propriis
691 437 824 476 cuneis
843 436 1078 488 compofitas
1093 436 1260 491 singulas
1274 452 1348 477 au-

66 487 251 528 xiliorum
272 501 422 542 partes,
445 501 489 530 ut
510 491 686 543 loquitur
700 491 862 530 Tacitus
877 492 931 530 lV
947 491 1070 530 annal.
1088 493 1156 540 16,
1170 505 1254 531 non
1275 491 1348 531 dis·

69 541 195 596 persas
207 543 248 582 δι
260 556 350 583 cum
363 543 445 584 aliis
458 547 674 598 permixtas.
687 544 731 584 In
744 545 916 585 Arriano
931 545 1020 584 alibi
1033 546 1071 585 id
1085 559 1245 599 quoque
1258 559 1349 586 cor-

67 607 242 649 ruptum.
258 596 405 638 GRON.
1327 612 1338 629 1

121 651 204 690 ibid.
217 650 280 691 Ὡς
295 647 479 706 ἕκαστοι)
496 652 647 706 Anglic.
663 649 710 692 ὧς
721 651 895 692 ἑκάστοις
909 652 1042 693 ἑὸὁκει.
1064 654 1240 694 BOURD.
1254 654 1348 695 Vid.

66 703 191 757 Ἀστρ.
206 719 239 745 c.
253 719 295 754 7,
308 706 373 744 καὶ
389 705 418 745 oi
432 708 544 746 ἄλλοι
560 708 594 744 τ’
605 708 714 746 ἄλλα
726 738 739 755 ,
753 703 800 744 ὧς
816 703 969 746 ἕκαστοι
990 707 1232 754 ἱλάσκονται,
1241 720 1348 760 prout

89 759 186 812 uique
198 760 329 798 lihitum
341 761 404 811 est,
420 761 483 800 vel
499 773 539 799 ut
548 760 629 813 fors
649 762 739 800 tulit.
757 761 1009 811 Thucydides
1031 761 1158 812 paffim
1175 762 1346 814 usurpat.

66 772 163 853 alut.
182 827 278 866 1033
294 813 319 853 f.
338 812 386 854 ὦς
398 811 563 854 ἕκαστος
582 815 719 866 ἔτυχε.
734 815 779 853 In
794 814 842 853 A.
857 826 986 855 tamen
1006 815 1046 855 P.
1063 815 1105 855 &
1124 817 1165 856 L.
1188 812 1235 855 ὦς
1258 816 1347 856 ἑκά-

33 898 46 911 ,
59 879 174 907 ’στοις
189 867 326 908 ἐδόκει.
340 868 414 908 Sed
426 867 608 922 glossema
621 869 685 908 est.
698 869 856 909 SOLAN.

117 925 192 961 ead.
208 923 234 961 l.
249 924 308 962 16.
324 922 646 977 Ἓξαιιιισχιλίας)
660 923 788 963 Corru
795 934 903 977 ptum
923 922 996 962 ess’e
1015 923 1119 963 hunc
1140 937 1347 966 numerum

63 975 263 1024 existimo,
277 976 319 1016 δι
337 975 450 1017 fuiffe
465 989 614 1016 tantum
637 990 702 1016 aut
722 976 764 1028 ἒξ
782 992 825 1026 μ.
841 987 907 1016 aut
927 977 975 1016 ad
989 977 1178 1017 summum
1203 977 1349 1029 ἐξῆκον-

63 1043 120 1069 τει
130 1061 143 1078 ,
156 1041 202 1069 ut
216 1031 456 1084 aliquatenus
469 1030 723 1084 respondeant
737 1031 926 1084 equitatui
939 1032 1095 1084 pedites.
1110 1032 1270 1072 SOLAN.

80 1113 85 1117 -
120 1084 212 1138 Pag.
226 1099 314 1138 233·
328 1087 393 1136 l.5.
404 1086 472 1124 Καὶ
487 1085 616 1125 πεὲἰον
629 1085 668 1125 θ’
681 1085 877 1139 ἐποίησαν)
891 1085 1102 1126 Deleverat
1117 1087 1344 1138 particulam

64 1136 111 1177 s&
124 1137 304 1186 Seianus,
320 1139 643 1193 adscripseratque
656 1141 712 1179 ed.
726 1140 782 1178 Fl.
797 1142 986 1180 omittere.
1001 1140 1040 1179 Si
1051 1141 1247 1193 exemplar
1259 1141 1346 1180 Flo-

62 1193 282 1242 neminum,
297 1195 362 1234 vel
383 1194 572 1246 Excerpta
593 1207 640 1233 ex
658 1195 724 1234 illo
744 1194 940 1247 intelligit,
958 1195 1091 1247 (quod
1105 1205 1234 1234 tamen
1255 1195 1346 1235 alibi

63 1249 139 1286 Ex.
155 1247 220 1288 vel
239 1250 334 1288 Exc.
361 1247 457 1289 solet
477 1247 663 1302 scribere)
680 1249 822 1302 poterit
842 1261 979 1287 verum
1001 1247 1098 1296 effe,
1115 1249 1345 1301 particulam

61 1300 114 1340 ibi
134 1301 279 1350 abeffe3
304 1315 374 1342 nec
388 1315 464 1355 ego
478 1303 654 1342 adderem
668 1333 680 1349 ,
695 1303 724 1342 fi
739 1303 776 1340 in
790 1302 877 1341 edit.
899 1303 1065 1355 quadam
1085 1315 1219 1343 vetere
1243 1303 1348 1343 abes-

61 1354 138 1404 set;
151 1367 190 1396 at
204 1357 241 1395 in
255 1357 341 1396 edit.
355 1358 448 1396 Flor.
465 1368 568 1396 certe
587 1356 689 1396 adest
699 1388 710 1405 ,
724 1369 847 1409 aeque
862 1369 905 1396 ac
921 1358 960 1395 in
973 1357 1148 1409 reliquis,
1163 1360 1346 1409 quamvis

61 1409 306 1463 pleonasmus
319 1410 378 1458 sit,
391 1411 612 1465 euphoniae
624 1410 749 1451 forsan
763 1411 882 1463 gratia
897 1410 1118 1464 interposita
1132 1412 1343 1464 particula;

61 1463 129 1503 nifi
143 1465 228 1518 quis
240 1465 307 1504 καὶ
323 1464 372 1505 Σὺ
389 1466 496 1505 malit
508 1496 521 1512 ,
534 1477 576 1505 ut
590 1464 655 1511 fit,
667 1466 735 1504 iam
748 1480 848 1512 mox,
856 1466 972 1518 statim
982 1480 998 1513 ;
1012 1466 1117 1517 quod
1133 1466 1178 1504 ad
1193 1465 1345 1505 sensum

59 1519 215 1571 quidem
231 1519 368 1560 melius
378 1550 391 1566 ,
414 1520 461 1559 ad
483 1520 720 1571 euphoniam
743 1530 871 1558 autem
895 1520 1015 1572 peius.
1038 1519 1194 1559 Interim
1216 1519 1244 1558 fi
1258 1522 1346 1572 quis

61 1573 161 1613 alius
175 1573 313 1614 Codex
337 1575 500 1628 praeiret
512 1605 523 1624 ‚
537 1573 686 1614 facilem
705 1586 767 1614 me
782 1574 821 1612 in
836 1574 1093 1627 expungendo
1115 1573 1160 1613 δὲ
1181 1575 1353 1628 praebe-¹

61 1640 154 1667 rem.
174 1627 324 1667 RmTz.

113 1681 194 1720 ibid.
216 1681 510 1736 nesiovevr.)1n
527 1681 707 1722 omnibus
723 1680 830 1720 libris
849 1680 991 1733 legitur
1005 1680 1134 1720 mxima
1157 1680 1196 1720 θ’
1214 1681 1344 1722 ἐποίη-

65 1737 152 1775 σὲιν·
173 1735 235 1775 sed
249 1749 340 1776 cum
359 1750 454 1776 mox
474 1735 656 1790 sequatur
669 1736 732 1774 ἐπὶ
754 1734 888 1774 τούτου
901 1765 911 1783 ,
928 1735 1016 1774 satis
1030 1746 1160 1788 patere
1172 1747 1269 1788 puto
1282 1749 1345 1775 ra-

61 1790 211 1830 tionem
233 1791 512 1830 emendationis
523 1790 685 1830 nostrae.
701 1789 861 1828 SOLAN.

76 1877 78 1879 .
114 1847 188 1884 ead.
206 1845 230 1884 l.
248 1845 284 1884 6.
299 1841 582 1898 Εὗὸιάνακτος)
597 1844 752 1883 Mallem
768 1839 1036 1890 Εὑέιάνακτος,
1049 1851 1094 1882 ut
1109 1843 1236 1896 potius
1248 1857 1270 1882 a
1280 1843 1341 1896 sb-

59 1914 138 1939 nmo
152 1899 378 1945 deducatur,
390 1911 505 1950 quam
520 1911 542 1938 a
550 1898 742 1950 serenitate.
759 1897 918 1937 SOLAN.

115 1955 188 1992 ead.
202 1955 224 1992 l.
240 1967 254 1991 1
267 1965 298 1992 1.
313 1953 382 1992 Καὶ
397 1952 610 2005 δίπλεθρος)
626 1951 794 1991 Intendit
808 1950 1060 2004 significatum
1073 1950 1165 1990 illud
1180 1951 1257 1998 καὶ,
1273 1951 1342 1991 im-

61 2020 130 2047 mo
141 2007 437 2047 admirationem
449 2007 642 2060 quandam
652 2005 766 2051 addit,
778 2017 820 2045 ut
831 2007 1008 2044 Latinum
1018 2006 1081 2044 vel.
1094 2004 1150 2044 Ita
1162 2006 1201 2045 δι
1215 2006 1340 2058 Long-

59 2061 156 2102 Past.
172 2076 206 2115 3,
221 2075 258 2114 p.
277 2075 348 2107 127
362 2062 419 2101 ed.
443 2061 639 2113 Iungerm.
657 2059 719 2109 ἔσῃ
736 2060 798 2098 καὶ
813 2060 1002 2099 πλούσιος.
1020 2058 1110 2100 lbid.
1123 2058 1258 2099 versus
1272 2058 1340 2099 fin.

61 2115 227 2168 κρεῖττον
239 2115 303 2154 καὶ
316 2113 465 2168 χρυσοῦ
475 2116 596 2165 μήλου
609 2116 774 2165 φίλημα.
789 2114 935 2153 REsz.

114 2173 189 2209 ead.
203 2171 227 2210 l.
243 2170 301 2208 16.
315 2169 619 2221 'Aeponbpsan÷;)
640 2169 830 2220 Interpres
844 2168 994 2208 secutus
1009 2166 1062 2207 est
1076 2166 1339 2219 Anglicanum

60 2223 159 2264 Cod.
176 2225 213 2263 in
230 2237 314 2276 quo
328 2223 589 2275 Ἀεροκὸραικες.
605 2223 1050 2274 ΒΟυΒὈ.Ἀεροκόροικες
1068 2233 1217 2273 praeter
1231 2221 1281 2260 A.
1297 2222 1338 2262 P.

60 2278 171 2318 &ed.
191 2279 284 2317 lunt.
301 2278 341 2317 δι
355 2289 470 2317 vetus
488 2279 673 2329 interpres
692 2276 869 2323 Latinus3
892 2277 933 2315 &
955 2276 1134 2330 quamvis
1153 2288 1212 2314 res
1233 2275 1339 2315 nihili

59 2331 134 2380 est,
147 2333 301 2372 videtur
316 2333 480 2372 omnino
495 2332 589 2371 haec
609 2331 721 2370 leffio
735 2332 914 2383 genuina.
937 2331 1027 2369 Edd.
1044 2330 1213 2382 reliquae
1227 2329 1340 2380 Ἀερο-

58 2385 251 2438 κόρὲαικες.
265 2386 424 2426 SOLAN.
435 2385 640 2437 Ἀερσκόρακ
647 2400 683 2425 ες
694 2385 818 2424 Aldus
830 2385 958 2430 habet,
971 2384 1077 2437 quod
1088 2384 1151 2423 vel
1166 2384 1253 2422 ideo
1266 2384 1338 2422 mi»-

57 2440 99 2489 hi
112 2439 156 2481 fit
172 2441 392 2495 probabile,
416 2440 522 2495 quod
536 2438 650 2494 κόραξ
660 2470 674 2487 ,
688 2455 824 2489 corvus,
846 2438 995 2479 sacrum
1008 2431 1171 2488 Phoebo¹
1181 2467 1195 2485 ,
1219 2437 1254 2477 id
1269 2436 1337 2487 est,
