1841 3180
524 210 618 277 5ffi
723 203 1599 256 ANNOTATIONES

523 296 592 349 νοι)
608 295 664 335 Ex
675 294 751 334 hoc
767 295 858 335 loco
872 295 958 334 licet
970 292 1160 333 coniicere
1171 324 1183 342 ‚
1196 292 1403 334 Cononem
1418 292 1522 335 illum
1535 296 1674 337 ducem
1686 295 1795 338 fami-
1840 334 1841 338 ,

524 350 702 403 gerarum
716 348 823 388 fuisse
842 359 1010 399 corpore
1025 360 1190 399 parvum
1210 347 1251 386 δι
1268 348 1428 388 exilem:
1447 361 1534 388 nam
1555 350 1596 390 δι
1617 350 1678 391 ille
1696 352 1799 392 Leo.

521 403 744 456 trophides‚
763 404 832 454 qui
855 401 995 440 Miloni
1016 401 1244 453 opponitur,
1260 413 1283 439 a
1305 401 1472 442 Comico
1488 403 1743 458 Aristophane
1757 407 1797 446 in

524 459 664 497 avibus
691 468 733 496 ut
752 468 896 508 parvus
916 455 957 494 δι
982 455 1090 494 exilis
1108 455 1333 501 traducitur,
1355 456 1395 495 ὅ(
1419 457 1467 495 ab
1488 458 1569 497 eius
1590 458 1796 500 Scholiaste

525 523 571 551 ut
584 511 668 550 talis
687 520 861 548 notatur:
882 509 926 548 de
942 509 1129 548 Titormo
1142 521 1262 555 vero,
1278 509 1317 549 δι
1334 510 1417 549 eius
1431 510 1609 552 mirandis
1629 513 1797 562 viribus,

525 566 614 604 vide
627 564 775 602 Aelian.
789 563 830 601 L.
850 563 923 602 XII
936 594 947 610 ,
962 576 994 602 c.
1008 576 1072 601 22.
1092 561 1225 602 PALM.
1242 564 1406 602 Cononem
1427 564 1596 618 aliquem
1616 566 1798 607 imbecilli

526 618 703 669 corporis
719 617 912 655 hominem
929 617 1101 656 nondum
1123 616 1326 656 observavi
1342 628 1547 669 praeterea.
1563 619 1606 658 [n
1627 632 1798 661 mentem

524 671 704 710 veniebat
719 670 876 709 minimus
893 670 955 709 ille
967 670 1068 723 apud
1080 670 1173 709 Plin.
1189 685 1227 720 7,
1244 685 1257 709 1
1267 673 1302 716 6,
1321 670 1345 709 s.
1360 674 1407 711 16
1417 701 1428 718 ‚
1443 674 1540 712 homo
1551 676 1635 713 duos
1642 679 1744 727 pedes
1760 675 1796 714 fr·

519 727 675 780 palmum
693 724 834 777 longus
852 726 1024 777 Conopas,
1043 725 1098 776 qui
1112 725 1148 763 in
1160 725 1286 763 deliciis
1299 726 1409 764 IuIIae
1421 727 1531 780 neptis
1546 729 1695 782 Augusti
1706 727 1799 780 fuit.

525 779 763 831 Leotroplzides
778 778 915 817 nobilis
935 791 983 818 ex
997 777 1124 818 Schol.
1139 777 1391 832 Aristophan.
1406 780 1553 820 Avium
1573 785 1684 830 1406.
1698 783 1799 823 Add.

524 833 803 873 Caiaubon.ad
821 832 964 871 Athen.
982 846 1050 878 12,
1071 846 1130 885 13.
1144 833 1281 885 Neque
1298 834 1344 872 de
1365 836 1513 874 Titormo
1534 848 1635 888 opus
1657 837 1710 876 est
1731 837 1797 877 ali-

524 888 619 939 quid
631 886 801 926 adiicere.
823 886 960 938 Neque
977 885 1157 938 apologia
1168 917 1179 934 ,
1194 887 1325 933 credo,
1343 886 1462 940 longa
1477 901 1575 941 opus
1595 890 1710 930 habet
1734 891 1798 931 illa

524 943 627 981 circa
649 941 776 993 apices
791 941 1030 988 immutatio,
1045 953 1132 980 cum
1158 953 1231 993 pro
1246 940 1408 995 vulgato
1431 942 1537 982 ἀλλὰ
1550 958 1624 983 ’που
1637 945 1800 998 legimus

525 995 634 1034 ἀλλὰ
646 994 720 1034 ποῦ
733 1007 820 1032 cum
834 995 1148 1046 interrogatione.
1164 994 1290 1034 GESN.

579 1049 659 1088 ibid.
674 1048 866 1100 Τίτορμον)
883 1048 1083 1100 Eleganter
1106 1048 1198 1088 vidit
1218 1048 1408 1096 Clericus,
1431 1061 1560 1090 totum
1575 1050 1651 1091 hoc
1671 1051 1718 1092 de
1730 1052 1800 1093 Ti-

525 1114 656 1142 tormo
673 1102 746 1141 effe
766 1114 815 1141 ex
834 1103 983 1140 Aeliani
998 1107 1147 1141 Ποικιλ.
1168 1102 1232 1141 lib.
1250 1102 1349 1150 XII,
1368 1116 1450 1156 cap.
1466 1118 1538 1151 22,
1561 1104 1773 1146 desumtum
1787 1138 1801 1154 ,

522 1157 730 1209 iisdemque
742 1187 754 1202 ‚
767 1154 796 1194 fi
820 1169 944 1208 pauca
965 1156 1155 1208 excipias,
1172 1157 1299 1196 verbis
1313 1169 1545 1197 enarratum.
1563 1158 1799 1213 Opportuna

525 1211 733 1250 admodum
757 1209 844 1249 sunt
866 1211 960 1249 haec
980 1209 1234 1257 Scholiastae,
1258 1224 1300 1250 ut
1317 1223 1367 1250 ex
1386 1218 1442 1251 'eo
1468 1211 1671 1260 Aelianus,
1689 1213 1730 1253 &
1748 1228 1801 1254 ex

525 1265 693 1304 Aeliano
713 1263 870 1303 viciffim
884 1263 961 1317 ipse
980 1264 1216 1304 emendetur.
1232 1265 1425 1304 Nimirum
1441 1266 1481 1304 in
1502 1266 1707 1308 Scholiaste
1725 1282 1801 1322 pro

524 1314 575 1358 ὣς
590 1317 691 1367 ἔπος,
704 1318 781 1358 sine
792 1318 910 1358 dubio
930 1331 977 1357 ex
991 1318 1159 1358 Aeliano
1172 1318 1406 1359 scribendum
1421 1319 1505 1360 ὅσον
1518 1320 1593 1360 ἐπ’.
1606 1322 1739 1375 Atque
1750 1336 1801 1362 ex

525 1374 661 1412 eodem
683 1373 784 1425 apud
809 1371 1040 1412 Scholiasten
1058 1385 1130 1425 pro
1151 1374 1216 1412 καὶ
1233 1373 1248 1411 ὃ
1268 1373 1337 1423 μὲν
1357 1372 1569 1423 &achivas
1583 1375 1652 1426 μὲν
1667 1372 1802 1416 ’ἐσπου-

525 1426 610 1472 ὃεν,
624 1430 767 1466 extrito
780 1426 983 1479 posteriori
1000 1426 1086 1476 μὲν,
1108 1427 1346 1467 emendatius
1357 1428 1484 1481 legas,
1507 1430 1571 1468 καὶ
1587 1429 1603 1467 ὁ
1617 1429 1685 1481 μὲν
1701 1431 1801 1470 ἁπο-

525 1480 664 1532 spana
686 1479 884 1520 ἔσπευὲεν.
899 1481 1005 1520 Tum
1018 1493 1067 1520 ex
1086 1480 1294 1521 Scholiaste
1315 1483 1577 1522 emendandus
1592 1484 1801 1534 Aelianus,

526 1536 591 1574 vel
612 1535 740 1588 potius
759 1533 1020 1575 confirmanda
1044 1535 1263 1574 emendatio
1276 1535 1378 1575 Tan.
1398 1535 1534 1583 Fabri,
1553 1538 1653 1590 apud
1671 1538 1802 1579 Aelia·-

525 1601 622 1627 num
636 1602 709 1642 pro
727 1587 887 1629 ἐνταῦθα
907 1588 1046 1641 ῥηθῆναι
1062 1589 1218 1642 λέγουσι
1231 1589 1449 1641 παροιμίαν,
1459 1590 1619 1643 legentis
1637 1592 1802 1633 ἐντεῦθεν

526 1642 670 1694 ῥηθῆναι
684 1648 844 1694 λέγουσι
858 1642 922 1682 τὴν
935 1644 1150 1695 παροιμίαν.
1161 1643 1278 1683 Plane
1290 1645 1392 1684 enim
1406 1645 1456 1684 ita
1466 1675 1480 1691 ‚
1492 1646 1532 1685 &
1544 1645 1646 1685 recle
1655 1676 1670 1696 ,
1683 1647 1802 1688 Scho-

523 1697 671 1745 liastes3
687 1697 755 1736 nis1
767 1697 872 1749 quod
887 1696 977 1736 illud
992 1711 1066 1743 τοι,
1081 1698 1186 1750 quod
1200 1697 1322 1737 Faber
1333 1698 1472 1746 inserit,
1487 1711 1567 1739 non
1580 1700 1712 1750 babet3
1727 1714 1801 1741 nec

525 1750 562 1789 id
575 1751 790 1804 requiritur.
803 1750 907 1789 Icus.
922 1751 1155 1804 (Titormus
1167 1752 1335 1792 Aetolus
1348 1752 1386 1791 in
1401 1753 1490 1795 albo
1501 1755 1701 1794 voracium
1714 1754 1802 1803 fuit,

525 1804 739 1857 diciturque
754 1818 776 1843 a
792 1804 952 1845 Graecis
968 1819 1057 1844 cum
1071 1805 1220 1846 Milone
1235 1806 1282 1846 de
1302 1808 1449 1847 robore
1463 1807 1632 1847 certaffe.
1646 1809 1738 1848 Ath.
1758 1811 1801 1850 &

525 1858 614 1897 Ael.
635 1858 658 1898 l.
678 1872 710 1898 c.
734 1859 860 1912 Vorst.)
879 1860 930 1899 V.
945 1859 1090 1898 Herod.
1106 1859 1185 1907 VI,
1204 1873 1241 1912 p.
1258 1859 1354 1913 238,
1373 1875 1405 1906 1,
1419 1860 1634 1911 Athen.X‚
1654 1864 1696 1904 &
1709 1863 1798 1903 Ael.

522 1912 578 1951 V.
593 1913 645 1952 H.
660 1912 745 1952 XlI.
771 1913 898 1952 Locus
910 1912 1104 1966 Aristoph.
1123 1914 1169 1953 de
1190 1913 1456 1968 Leotrophida
1475 1917 1666 1969 reperitur
1684 1918 1723 1957 in
1742 1917 1801 1957 A·

522 1966 603 2007 vib.
621 1981 655 2019 p.
672 1967 763 2006 606.
775 1968 828 2006 V.
843 1967 958 2007 etiam
973 1981 1049 2016 412
1065 1968 1160 2007 med.
1178 1967 1336 2008 SoLAN.

578 2024 651 2060 cad.
664 2022 688 2060 l.
704 2036 740 2070 4.
755 2022 874 2060 Ἀλλά.
888 2036 962 2061 που
978 2025 1019 2059 τὸ
1033 2019 1100 2061 τῆς
1115 2022 1255 2075 τέχνης
1268 2022 1332 2062 καὶ
1343 2024 1387 2062 τὶ
1399 2021 1466 2063 τῆς
1479 2023 1693 2073 συμβουλῆς
1705 2022 1803 2079 χρίμ-

525 2090 632 2125 σιμον
646 2072 711 2114 οὐκ
726 2075 762 2114 ἐς
772 2075 936 2128 ποίησιν)
949 2073 1130 2128 Χρήσιμον
1140 2074 1204 2114 οὐκ
1217 2076 1245 2116 ἑ.
1259 2093 1302 2116 π.
1318 2077 1507 2117 MARCIL.
1519 2079 1641 2118 Ἀλλὰ
1653 2080 1726 2121 ποῦ
1739 2093 1801 2121 re-

522 2128 583 2169 ete
599 2129 771 2169 scribitur
785 2130 824 2168 in
839 2129 938 2169 cod,
952 2129 992 2169 P.
1007 2130 1051 2169 In
1065 2131 1133 2169 reli
1162 2131 1220 2169 uis
1235 2130 1341 2169 ἀλλά
1356 2146 1442 2171 που.
1456 2131 1616 2172 SoLAN.
1676 2164 1679 2166 -

577 2186 650 2222 ead.
666 2184 689 2222 l.
704 2183 819 2223 6.Τῶν
829 2182 1052 2235 προσόντων)
1067 2184 1127 2224 Re
1166 2197 1237 2224 ene
1250 2185 1320 2224 hac
1336 2198 1436 2225 voce
1447 2197 1577 2226 utatur
1592 2187 1652 2227 hic
1666 2187 1800 2228 Lucia-

521 2250 618 2285 nus,
639 2238 834 2277 addubito.
857 2238 934 2276 Vix
961 2251 1010 2278 eo
1031 2238 1137 2278 sensu
1160 2239 1416 2279 adhibiturum
1438 2238 1546 2280 fuiffe
1566 2239 1801 2282 Demosthe·-

522 2304 613 2331 nem
629 2303 748 2343 puto‚
762 2293 828 2344 qui
843 2291 909 2332 Ol.
925 2292 1005 2339 111,
1022 2306 1107 2346 pag.
1131 2307 1181 2332 m.
1203 2307 1248 2344 25
1270 2291 1297 2332 f.
1317 2292 1368 2333 fic
1381 2293 1506 2334 scribit
1520 2307 1529 2333 :
1543 2293 1646 2334 τοῦτ’
1660 2290 1719 2336 οὖν
1737 2295 1806 2336 Se?

523 2345 716 2397 προσ-εῖναι
731 2348 785 2384 τὰ.
798 2346 834 2385 8³
847 2348 954 2385 αλλοι
971 2344 1160 2398 ὑπάρχει.
1177 2346 1346 2400 Usurpat
1360 2359 1487 2388 tamen
1502 2348 1640 2388 Noster
1657 2351 1795 2390 iterum

525 2413 570 2451 55
592 2401 634 2439 B.
652 2400 808 2441 C.Vide
821 2412 949 2440 tamen
967 2397 998 2439 ὑ.
1019 2401 1092 2440 Εἱκ.
1108 2414 1189 2453 cap.
1208 2401 1232 2441 6
1246 2402 1288 2441 δι
1311 2415 1360 2441 20
1379 2402 1423 2441 B.
1438 2402 1503 2442 ubi
1515 2404 1652 2443 eodem
1676 2405 1799 2445 modo

520 2453 676 2506 usurpat
687 2454 835 2493 Noster.
848 2454 1003 2494 SOLAN.
1017 2455 1119 2493 Nihil
1134 2455 1194 2494 hic
1208 2467 1358 2495 mutare
1370 2455 1629 2496 Florentinam
1642 2457 1691 2497 ab
1703 2458 1797 2497 Iun't.
1820 2459 1823 2463 ’

519 2507 618 2559 Hag.
633 2510 675 2550 δι
690 2509 846 2562 reliquis
858 2540 870 2558 ‚
885 2519 1092 2550 notaverat
1108 2509 1283 2550 Solanus.
1299 2509 1462 2563 Quare?
1482 2523 1532 2551 an
1543 2511 1662 2565 igitur
1677 2509 1793 2566 suspi-
