1841 3180
524 244 614 306 546
717 236 1608 293 .ANNoTATtoNES

517 331 604 371 dem
620 327 883 371 Graecismum
900 325 1109 366 adhibuisse
1121 355 1131 374 ,
1145 339 1233 367 cum
1248 325 1391 375 scribit,
1401 328 1511 380 fimul
1520 328 1602 381 quia
1614 327 1726 377 vohis,
1737 335 1804 371 eas

517 388 589 424 dem
607 386 702 431 milii,
715 386 805 423 bona
819 383 975 434 malaque
997 381 1147 419 intellexi
1155 396 1172 428 ;
1197 381 1288 433 quia
1305 383 1460 421 dativus
1481 383 1563 422 mihi
1589 381 1802 437 simpl-icius

516 437 684 479 refertur
695 437 739 477 ad
753 437 861 482 mala,
873 448 989 488 quam
1001 436 1047 474 ad
1059 438 1184 483 eadem,
1198 446 1244 475 ut
1254 434 1380 476 sensus
1393 435 1461 483 fit,
1485 449 1588 490 quae
1602 439 1694 477 mala
1702 439 1800 488 mihi,

517 493 542 532 i.
558 506 590 532 e.
612 506 683 545 pro
700 504 772 530 me.
801 490 948 529 Rmz.

575 548 666 601 Pag.
683 559 768 584 221.
783 545 805 583 l.
823 558 852 596 5.
867 541 1022 595 Ὁμήρου
1034 541 1261 597 Ὀἒυσσεὺὴ
1279 543 1437 596 Ulyss'es
1455 543 1494 583 in
1514 545 1677 598 patriam
1696 546 1800 586 redi⁴

517 613 641 646 turns,
658 600 764 652 gravi
780 610 918 637 exorta
930 596 1168 650 tempestate,
1185 599 1350 650 primum
1365 598 1405 637 -in
1420 598 1613 638 Ciconum
1632 599 1722 639 litus
1734 613 1803 654 ap-

518 655 647 707 pulsus
660 653 722 693 est.
735 654 867 705 Atque
881 653 967 691 inde
979 650 1107 691 rursus
1117 650 1287 698 solvens,
1300 651 1409 691 simili
1421 653 1642 706 tempestate
1653 655 1800 695 eiecius

515 711 553 748 in
570 707 741 748 Africam
757 708 801 745 ad
816 706 1165 758 Lothophagorum
1187 718 1339 759 gentem
1365 709 1562 759 pervenit:
1590 708 1677 747 inde
1689 710 1726 747 in
1742 708 1800 747 Si-

515 763 643 803 ciliani
659 762 804 801 delatus
820 760 872 800 est
883 790 895 806 ,
917 761 982 800 ubi
995 759 1168 812 Cyclopi
1182 761 1342 799 oculum
1355 762 1455 799 eruit
1467 761 1647 814 praeusto
1657 761 1800 816 stipite.

516 818 622 857 Hinc
637 818 673 855 in
687 816 866 856 Aeoliam
880 815 1084 866 navigans,
1093 814 1144 852 ab
1155 814 1286 854 Aeolo
1299 825 1439 854 ventos
1451 815 1610 856 coaetos
1621 816 1658 855 in
1670 829 1798 863 utrem

516 872 701 911 obtinuit.
723 870 856 909 Postea
872 870 916 908 ad
942 867 1252 920 Laestrygonas,
1274 879 1356 907 tum
1376 870 1423 908 ad
1443 869 1582 909 Circen
1596 872 1801 923 pervenit,

512 925 601 978 post
616 925 707 965 haec
722 926 758 963 in
769 923 926 963 insulam
938 923 1134 974 Syrenum
1149 922 1297 962 delatus
1310 920 1374 962 est.
1384 923 1475 962 Inde
1490 923 1662 976 Scyllam
1678 935 1799 965 trans-

516 980 600 1019 iens
614 980 650 1018 &
671 978 913 1030 Charybdim
928 1006 938 1024 ,
965 978 1003 1016 in
1020 976 1183 1016 Siciliam
1200 977 1402 1029 pervenit,
1426 979 1579 1018 tandem
1602 978 1642 1018 in
1655 978 1800 1019 Phaea-

514 1033 685 1073 cenfium
704 1044 859 1086 portum
875 1032 1081 1071 adnatavit.
1102 1030 1251 1071 COGN.
1724 1066 1730 1067 ff

571 1092 644 1127 ead.
657 1090 677 1125 l.
688 1087 904 1140 9.’15‘1c›37a5
915 1085 1000 1125 τοὺς
1011 1085 1204 1139 Φαίακας)
1219 1086 1257 1123 V
1251 1085 1331 1125 acui
1344 1085 1468 1140 capitis
1475 1087 1644 1140 populum
1654 1087 1796 1127 Phaea-

514 1158 558 1183 ca
572 1143 659 1181 dicit
674 1142 758 1180 luv.
777 1140 889 1193 (XV,
904 1140 985 1193 23.)
1010 1140 1177 1179 VORST.

570 1197 649 1235 ibid.
662 1196 751 1235 Τοὺς
766 1195 960 1246 Φαίακας)
975 1194 1145 1234 Alcinoo
1160 1194 1364 1247 Corcyrae
1377 1194 1478 1247 regi,
1494 1194 1535 1234 &
1548 1195 1631 1235 eius
1644 1195 1798 1249 populis

513 1250 766 1298 Phaeacibus,
780 1248 936 1300 Ulyffes
959 1247 1267 1301 Laestrygonas,
1283 1248 1505 1302 Cyclopas,
1530 1250 1572 1290 δι
1595 1249 1666 1289 alia
1683 1262 1800 1290 mon-

517 1304 591 1344 stra
607 1318 627 1344 a
650 1305 686 1344 se
698 1303 864 1344 conficta
883 1303 1076 1349 narrabat,
1096 1304 1135 1342 δι
1155 1303 1211 1348 iis,
1229 1304 1364 1342 onmia
1377 1315 1470 1342 vera
1490 1302 1579 1350 effe,
1593 1304 1796 1357 persuade-

514 1359 608 1399 bat:
635 1360 738 1398 unde
759 1358 931 1398 Iuvenal.
954 1358 1040 1397 Tam
1057 1358 1160 1397 vacui
1182 1358 1306 1412 capitis
1321 1357 1489 1411 populum
1504 1358 1669 1398 Phaeaca
1683 1371 1797 1412 puta-

515 1415 580 1453 vit.
598 1412 746 1453 COGN.

571 1471 643 1506 ead.
657 1469 680 1507 l.
698 1482 756 1516 14.
769 1464 1016 1519 Κενοὲοξίοις)
1034 1465 1190 1505 Emend.
1206 1464 1354 1505 Vorstii
1373 1465 1416 1506 &
1431 1465 1492 1506 ed.
1514 1466 1553 1507 S.
1575 1466 1616 1506 in
1639 1466 1795 1521 reliquis

510 1523 617 1562 enim
636 1521 871 1572 καινοὸσξίιις
886 1521 1033 1573 legitur.
1046 1521 1204 1560 SOLAN.

571 1576 662 1629 Pag.
680 1591 766 1615 222.
783 1577 806 1614 l.
820 1590 853 1614 2.
867 1574 1122 1628 Ἐπεπόνθειν)
1138 1575 1300 1615 Utinam
1318 1574 1447 1627 potius
1461 1574 1573 1615 nobis
1587 1575 1793 1629 reliquisset

515 1630 708 1670 Lucianus
729 1629 926 1669 historiam
943 1640 1008 1669 aut
1023 1628 1184 1668 suorum
1204 1639 1426 1682 temporum
1440 1660 1452 1678 ,
1465 1640 1533 1669 aut
1549 1641 1652 1670 certe
1671 1629 1790 1670 suam.

516 1684 581 1724 LA
597 1684 759 1724 CROZE.
774 1684 822 1723 Et
831 1683 946 1735 facere
958 1684 1086 1736 &pati
1100 1682 1211 1723 simul
1225 1684 1513 1736 comprehendit
1525 1684 1602 1724 hoc
1613 1684 1794 1725 verbum.

519 1738 610 1777 Vid.
625 1739 836 1778 Herodian.
852 1737 891 1786 Ι,
907 1752 967 1787 17,
982 1752 1043 1776 22.
1057 1737 1168 1776 Adde
1181 1737 1366 1776 Nostrum
1382 1737 1573 1778 Prometh.
1588 1737 1654 1778 fin.
1671 1739 1739 1779 ubi
1751 1739 1794 1778 τί

514 1791 562 1832 ἂν
577 1791 752 1843 wiceman
767 1793 850 1845 quid
854 1791 1018 1843 faciam?
1034 1791 1150 1832 vertit
1170 1791 1387 1832 Hemsterh.
1403 1803 1532 1832 cetera
1549 1793 1598 1833 ad
1619 1793 1793 1834 Gatake-

515 1859 602 1887 rum
618 1847 828 1886 remittens.
841 1846 991 1886 RE1TZ.
1828 1870 1829 1873 =

573 1902 649 1939 ead.
667 1902 690 1940 l.
703 1901 740 1940 6.
752 1900 897 1954 Γράφω)
910 1901 1000 1940 Vid.
1010 1898 1161 1940 Reines.
1171 1900 1240 1952 Ep.
1255 1912 1302 1952 25
1318 1901 1364 1940 ad
1378 1900 1489 1955 Casp.
1502 1900 1791 1941 Hoffmannum
1827 1937 1831 1950 ‹.

517 1969 556 2010 p.
571 1969 634 2007 99.
646 1969 685 1993 v.
698 1955 925 1994 Araboneni'
935 1955 976 1994 L.
988 1954 1043 1994 XI
1057 1955 1103 1994 de
1115 1954 1335 2007 Maffagetis
1345 1970 1380 2009 p.
1395 1969 1445 1994 m.
1457 1955 1546 2005 487.
1555 1956 1617 1995 LA
1629 1956 1792 1996 CROZE.
1829 1962 1831 1971 '

571 2012 644 2048 ead.
658 2009 680 2047 l.
696 2008 731 2048 8.
749 2009 853 2048 Μηδὲ
869 2009 960 2048 ὅλως
974 2008 1109 2061 ὅντων)
1132 2008 1262 2049 Simile
1281 2009 1374 2058 fere,
1395 2011 1501 2063 quod
1516 2011 1617 2062 apud
1629 2009 1725 2049 Plut.
1742 2011 1790 2051 de
1830 2058 1831 2062 Ἰ

513 2064 684 2105 Homeri
707 2076 797 2103 cum
821 2063 995 2103 Hesiodo
1014 2064 1221 2103 certamine
1239 2063 1401 2103 traditur
1414 2065 1490 2112 267
1505 2064 1555 2103 A.
1578 2061 1711 2104 Μοῦσά
1721 2078 1787 2114 μοι
1828 2068 1831 2102 ζ

514 2116 633 2157 ἕννεπ’
653 2116 773 2156 ἐκεῖνοι
793 2119 847 2157 τὰ
862 2113 914 2168 μή
937 2118 972 2156 τ’
990 2117 1158 2172 ἐγένοντο
1185 2117 1354 2171 πάροιθεν
1376 2117 1471 2159 Μήτ’
1495 2117 1604 2158 ἔσται
1622 2118 1787 2170 μετόπι-
1827 2119 1829 2123 ”

516 2176 618 2212 σθεν.
635 2171 795 2223 δοιΑΝ.

569 2227 651 2265 ibid.
662 2227 729 2265 Τὴν
742 2224 891 2278 ἀρχὴν)
907 2227 965 2264 Ab
978 2226 1075 2265 initio
1096 2225 1249 2265 versum
1265 2224 1319 2265 est
1333 2236 1411 2265 tam
1428 2225 1466 2265 in
1484 2225 1598 2266 Paris.
1613 2238 1731 2279 quam
1747 2226 1787 2265 in

514 2279 709 2320 Benedici.
725 2280 846 2320 Recie
858 2280 1052 2320 Gesnerus
1063 2310 1073 2327 ,
1086 2282 1220 2319 omnino
1232 2296 1242 2319 :
1255 2294 1299 2320 ac
1319 2291 1395 2319 tam
1415 2279 1525 2333 saepe
1541 2281 1577 2320 in
1590 2280 1661 2320 hac
1674 2280 1788 2321 locu-

513 2335 625 2374 tione
639 2333 737 2373 male
757 2335 940 2373 vertenda
960 2335 1052 2374 olim
1077 2347 1269 2381 erratum,
1290 2347 1332 2374 ut
1346 2335 1427 2374 iure
1435 2333 1615 2387 scopulum
1628 2335 1787 2387 interpre-

514 2400 587 2427 tum
601 2401 683 2428 eam
700 2399 818 2428 vocet
833 2388 1049 2428 Hemsterh.
1068 2389 1114 2427 ad
1134 2389 1241 2442 Nigr.
1257 2389 1273 2439 §
1289 2389 1350 2428 26.
1366 2389 1561 2428 Monuere
1573 2389 1610 2427 id
1623 2400 1788 2441 quoque

513 2442 599 2488 alii,
624 2442 786 2491 1enfius,
811 2442 986 2482 Elsnerus
1011 2444 1086 2482 &o
1109 2443 1181 2482 Sed
1205 2442 1397 2496 posterior
1411 2442 1488 2482 hoc
1502 2455 1661 2495 quoque
1682 2442 1786 2482 recie.

513 2496 634 2541 addit.
651 2497 715 2549 (ad
728 2497 798 2536 Ev.
813 2497 920 2536 Ioan.
935 2496 1045 2545 VIII,
1061 2512 1082 2536 2
1092 2496 1141 2550 5.)
1156 2497 1202 2536 ab
1215 2497 1495 2536 recentioribus
1505 2495 1664 2536 viciffim
1677 2495 1787 2549 saepe

512 2553 687 2603 peccari,
701 2550 809 2605 quasi
823 2551 969 2605 semper
982 2551 1116 2591 omnino
1130 2550 1334 2605 significem
1357 2564 1446 2592 cum
1467 2561 1598 2592 tamen
1617 2550 1660 2592 &
1672 2550 1788 2601 inter-3
