1768 3185
218 161 288 208 IN
320 158 532 208 VERAE
568 158 914 238 ΗΙΞΤΟῌΙΑΕ
948 160 1062 206 LIB.
1098 163 1132 208 1.
1231 168 1316 232 563

55 250 252 292 Γοιλεότοιι
266 252 326 292 hic
337 264 418 291 non
431 250 517 290 sunt
530 250 640 300 feles,
659 251 721 292 sed
735 250 854 305 pisces
866 250 877 299 ‚‘
891 251 958 305 qui
970 252 1174 306 γαλεῶται
1189 255 1323 298 dicun·

55 315 136 353 tur,
157 306 199 346 &
224 306 302 346 alio
322 307 479 345 nomine
501 305 618 357 ξιφίαι
629 335 642 351 ,
667 306 810 345 Latinis
834 306 950 344 etiam
974 307 1135 359 Xiphiae.
1159 307 1229 348 Sed
1253 324 1321 350 ra-

55 359 114 400 tio
127 358 414 413 compositionis
433 360 545 399 huius
559 359 668 399 vocis
692 358 820 412 quae?
835 359 976 399 Triton
996 358 1152 413 fingitur
1166 364 1320 415 quidem

55 413 268 454 monstrum
286 414 496 459 marinum,
511 412 704 465 superiore
719 424 824 466 parte
845 413 1041 452 hominem
1062 414 1245 464 referens,
1259 416 1322 457 sed

54 466 195 517 μένὲης
212 467 266 507 est
281 467 405 506 hircus
415 497 426 513 ‚
441 466 522 507 slve
539 466 614 518 ipse
629 466 716 506 Pan.
732 467 830 506 Vide
844 467 1034 506 Herodot.
1050 468 1112 506 lib.
1125 468 1182 514 11,
1196 482 1228 509 c.
1245 472 1296 518 46
1307 501 1322 516 ,

54 520 96 559 δι
107 519 275 560 Suidam.
290 521 387 560 Mihi
401 532 479 559 non
500 520 637 572 liquet:
657 531 844 573 quaerant
859 519 982 560 otiosi.
996 519 1105 572 Quid
1121 524 1221 561 enim
1234 525 1322 572 μέν·

56 572 127 613 3ης
139 586 228 613 cum
242 575 393 628 Xiphia,
411 583 478 613 aut
493 575 604 612 etiam
619 572 704 617 fele,
723 573 751 612 fi
766 574 801 612 id
816 573 921 612 malis
933 604 944 622 ,
960 573 1074 614 habet
1090 580 1332 627 commune?1

56 627 233 668 GRAEV.
248 626 583 680 Ῐριτωνομενὸητες
598 627 802 681 appellatio
816 626 973 666 monstri
988 640 1035 666 ex
1051 628 1227 678 Tritone,
1241 644 1323 670 ma-

54 682 142 721 rino
157 682 335 728 homine,
350 681 391 720 &
406 681 513 720 hirco
531 680 758 731 compositi,
773 693 888 733 quem
903 680 1082 720 Μένὸητοι
1094 681 1165 722 effe
1181 684 1324 736 Aegy-

58 735 160 788 ptiis,
175 747 311 775 notum
323 748 372 775 ex
387 734 603 774 Herodoto.
618 734 690 774 Sed
709 735 800 786 quid
819 734 865 774 ad
885 734 986 773 hunc
1005 736 1221 787 γαλεώτης,
1242 739 1323 778 sive

46 790 230 842 stellionem
245 790 344 829 dicas
357 819 368 835 ,
388 786 597 839 siveftlem‚
612 787 691 828 sive
706 788 874 840 mustelam
893 788 1076 840 denique?
1088 789 1222 844 Itaque
1243 805 1324 831 me-

56 854 127 882 tuo
138 873 150 891 ‚
168 855 216 883 ne
234 843 292 883 hic
306 843 419 882 etiam
441 842 575 881 lacuna
595 841 659 891 sit,
675 853 717 881 ut
731 841 850 881 modo
865 841 967 882 circa
980 842 1236 896 Ἀεροκὸροικοις
1251 846 1323 886 ob-

54 895 246 938 servatum
259 896 324 936 est.
341 895 470 937 Gsssu.
489 931 496 942 ,

110 951 202 1004 Pag.
218 963 262 1003 25
275 951 341 1002 5.l.
362 963 392 988 1.
408 947 694 1000 Θυννοκέφαλοι)
713 947 757 987 In
774 950 814 987 S.
833 947 1093 994 Κυνοκέφοιλοι.
1109 949 1153 988 In
1170 951 1323 1005 reliquis

55 1004 230 1049 Θυνοκέφ.
246 1003 355 1057 quod
366 1016 441 1056 ego
456 1015 524 1043 cur
541 1002 716 1041 mutarim
730 1032 741 1048 ‚
756 1000 992 1041 manifestum
1006 1003 1081 1050 est3
1097 1004 1187 1043 vide
1204 1007 1322 1046 etiam

55 1070 139 1111 cap.
154 1057 214 1111 38.
230 1057 389 1098 som«.
406 1057 652 1103 Θυνοκεφαλοι
672 1056 814 1101 Aldus,
829 1056 936 1108 quod
951 1068 1083 1095 ortum
1103 1058 1254 1097 videtur
1272 1073 1323 1099 ex

56 1113 339 1160 θυννοκέφοιλοι,
356 1124 393 1163 q.
416 1111 450 1149 d.
472 1110 720 1162 thuntu‘cipltes.
743 1109 910 1147 Thannus
932 1109 1036 1160 piscis
1055 1111 1211 1157 nobilis,
1232 1125 1324 1153 cum

56 1166 188 1204 cancris
202 1165 410 1205 commode
425 1164 604 1216 iungitur.
622 1163 658 1203 Si
672 1163 893 1214 allegoriam
916 1162 1058 1216 spectes
1069 1193 1079 1210 ‚
1099 1177 1234 1204 notum
1247 1167 1300 1206 est
1311 1197 1324 1215 ‚

56 1219 213 1258 brutum
235 1219 426 1272 quendam
448 1219 634 1271 impetum
662 1217 909 1256 multitudinis
931 1229 976 1256 ea
998 1217 1161 1269 imagine
1183 1222 1323 1261 notari.

32 1271 129 1313 ,Sed
151 1273 283 1313 deinde
303 1271 380 1325 ipse
401 1283 560 1324 quoque
583 1271 704 1310 Aldus
726 1271 824 1309 dedit
849 1271 1130 1317 Κυνοκεφέιλους.
1157 1272 1204 1311 Et
1230 1274 1325 1314 niam

55 1338 217 1379 quoque
229 1325 367 1379 piscem
379 1325 475 1372 effe,
495 1338 643 1365 notum.
661 1324 790 1364 GtsN.
807 1323 883 1362 Etsi
901 1323 1061 1363 Parifina
1077 1327 1324 1374 Κυνοκέφαλοι

55 1379 296 1434 praeferebat
307 1411 319 1427 ,
333 1392 461 1431 tamen
463 1381 514 1440 gn
538 1378 714 1419 versione
729 1378 980 1430 Thynoceplxali
992 1379 1206 1432 expressum
1221 1392 1322 1421 erat:

56 1435 158 1474 unde
169 1433 278 1474 facile
294 1446 416 1487 patet,
431 1434 523 1486 quid
538 1433 597 1472 edi
612 1432 789 1471 voluerit.
805 1431 953 1470 Rarrz.

75 1517 79 1521 .
111 1491 184 1527 ead.
195 1489 218 1527 l.
237 1503 271 1528 2.
283 1486 476 1540 Ἑαυτοὺς)
492 1487 537 1526 Et
548 1485 598 1526 fic
611 1486 736 1539 legere
751 1485 780 1523 F
783 1484 1010 1525 lorentmam
1029 1497 1117 1524 cum
1133 1485 1234 1526 Iunt.
1250 1494 1325 1528 no-'

56 1551 206 1581 taverat
217 1541 391 1582 solanus.
409 1540 521 1593 Quid
534 1551 614 1579 tum
630 1540 643 1578 Ξ*
659 1552 740 1579 non
754 1539 855 1578 enim
868 1551 968 1591 opus
979 1549 1059 1577 erat
1072 1540 1182 1578 aliam
1195 1541 1326 1581 1εᾶἰο-

58 1608 146 1635 nem
161 1598 357 1648 quaerere.
369 1594 544 1633 Ἑαυτοὺς
556 1594 655 1633 enim
671 1593 719 1632 sle
733 1605 859 1632 amare
874 1593 967 1644 poni
987 1605 1060 1645 pro
1071 1592 1274 1639 ἀλλήλους,
1281 1595 1323 1647 se

56 1650 221 1695 invicem,
239 1649 302 1689 vel
322 1661 437 1688 mutuo
449 1679 459 1696 ‚
478 1647 544 1687 nifi
560 1647 648 1687 satis
668 1658 805 1686 notum
822 1645 897 1694 est,
911 1646 987 1685 vid.
1006 1657 1054 1685 ex
1071 1648 1191 1686 veteri
1212 1648 1325 1688 Lexi-

58 1717 130 1752 co,
144 1705 182 1743 in
194 1703 371 1743 Biblioth.
387 1702 532 1742 Coslin.
550 1714 635 1755 pag.
656 1715 745 1753 233,
761 1699 867 1753 quod
883 1700 950 1740 ait:
965 1697 1134 1746 ἑαυτοὺς,
1156 1702 1240 1740 ἀντὶ
1254 1701 1325 1740 τοῦ

59 1754 260 1804 ἀλλήλους,
278 1755 306 1795 οἱ
319 1756 483 1796 Ἀττικοὶ
497 1758 667 1809 λέγουσι.
684 1754 792 1793 Adde
805 1753 984 1803 Thucyd.
996 1751 1070 1798 IV,
1086 1766 1150 1803 25,
1165 1755 1229 1793 mel
1248 1769 1324 1794 πα.-

57 1809 332 1861 ροικελευόμενοι
347 1810 382 1850 ἐν
398 1808 559 1855 ἑαυτοῖς,
573 1809 648 1859 &fi
661 1821 776 1846 mutuo
790 1807 970 1845 adhortati.
984 1804 1131 1844 REsz.

112 1866 190 1903 ibid.
205 1867 447 1913 Πεποιημένοι
459 1863 476 1916 )
489 1862 629 1902 Αᾶἰνε
645 1862 704 1901 hic
726 1862 900 1913 ponitur,
913 1873 956 1898 ur
973 1858 1140 1911 εὑρημένη
1154 1858 1323 1901 similiter

6 1943 7 1947 =
59 1918 184 1958 afflve
198 1930 260 1971 ap.
276 1917 448 1969 Alciphr.
462 1917 495 1963 I,
508 1916 574 1969 Ep.
589 1915 611 1953 8
623 1945 633 1962 ‚
649 1915 711 1953 καὶ
725 1914 862 1965 siolum
878 1917 920 1952 τὸ
933 1912 1020 1962 λῷον
1032 1910 1220 1963 εὑρημένην
1232 1929 1324 1963 συμ-

59 1970 273 2020 βουλεῦσαι.
287 1971 363 2011 Ubi
377 1970 502 2023 Bergl.
516 1971 612 2009 bene
626 1979 772 2014 monet,
786 1980 936 2019 praeter
950 1966 1045 2006 alios
1060 1966 1109 2005 [ιε
1122 1966 1230 2020 saepe
1244 1967 1325 2008 De-

5 2041 7 2046 ·
60 2025 296 2066 mosthenem
314 2025 440 2078 loqui,
453 2035 497 2063 ut
511 2019 690 2076 εὑρημένοι
712 2024 829 2072 τιμὰς
842 2023 918 2061 &c.
933 2019 1070 2060 Noster
1088 2018 1185 2072 supr.
1201 2020 1323 2062 Deor.

62 2079 164 2120 Dial.
177 2079 270 2119 xlv
287 2077 352 2117 fin.
366 2080 494 2117 θνητὴν
505 2075 750 2125 πεποιημένος
766 2078 829 2114 τὶν
842 2075 1021 2125 ἐρώμενον.
1040 2074 1100 2112 Ac
1114 2086 1192 2112 non
1210 2074 1323 2114 semel

62 2133 174 2181 alibi;
188 2145 287 2186 quae
301 2132 386 2172 loca
397 2131 579 2171 indicabit
599 2129 690 2169 lens.
705 2131 749 2168 ad
761 2128 1011 2180 Tyrannicid.
1027 2127 1082 2165 Ita
1096 2127 1127 2164 oi
1143 2130 1324 2177 κεκτημέ-

62 2203 111 2229 νοι
133 2187 356 2227 dicebantur
374 2183 648 2230 Athenienses,
668 2185 733 2236 qui
752 2183 901 2236 praedia
924 2180 1176 2233 poffidebant,
1196 2182 1236 2220 δι
1256 2183 1324 2235 qui

61 2241 205 2281 servos.
219 2240 374 2281 Licet&
390 2240 475 2279 alibi
492 2239 527 2277 id
540 2236 659 2291 fignif.
673 2238 779 2289 quod
792 2235 1009 2290 possidetur.
1026 2235 1112 2273 vid.
1126 2233 1263 2286 Spanh.
1277 2237 1323 2275 ad

63 2291 257 2348 Aristoph.
277 2293 375 2334 Plut.
393 2309 429 2343 4.
448 2293 540 2333 Ibid.
553 2306 592 2331 v.
606 2305 645 2340 7,
663 2292 867 2342 ἑωνημενος,
885 2292 941 2342 quz'
955 2300 1093 2333 emerat,
1107 2301 1194 2326 cum
1209 2290 1323 2328 etiam

62 2348 109 2388 sit
119 2379 131 2398 ‚
145 2351 211 2402 qui
223 2361 331 2387 emtus
342 2347 417 2395 est3
433 2347 519 2386 vide
534 2356 755 2385 commentt.
772 2344 843 2384 Sed
857 2343 897 2382 δι
914 2342 1115 2395 praeterita
1127 2341 1268 2392 paffiva
1286 2356 1324 2382 a-

65 2403 202 2442 liorum
218 2402 422 2442 modorum
434 2400 622 2440 interdum
636 2397 684 2437 fic
699 2408 913 2450 ponuntur,
928 2409 971 2435 ut
985 2395 1190 2434 Herodian.
1209 2397 1244 2441 1,
1261 2410 1323 2448 13,

67 2450 317 2499 ἐδεδούλωντο
332 2455 378 2497 Σὲ
394 2454 525 2497 πᾶσαν
544 2449 659 2494 αὐτοῦ
675 2452 740 2494 τὴν
757 2452 890 2504 ψυχὴν
905 2472 948 2480 --
956 2450 1170 2541 1εζῖι-οιλληλοι
1186 2471 1230 2480 -
1250 2451 1324 2491 σώ-

1007 2515 1031 2541 n
1062 2517 1083 2542 2
