1768 3185
204 113 273 195 1N'
289 149 536 195 ZEUXIN
556 149 680 196 VEL
700 148 1116 197 ANTIOCHUM.
1228 168 1321 216 443

41 235 203 279 lus?'An
219 250 316 278 vero
335 236 522 287 scribunt,
540 238 639 279 hanc
659 237 766 279 fuisse
779 248 957 278 naturam
975 237 1261 277 Centaurorum
1279 241 1321 280 δι

41 290 299 332 diversitatem
311 321 325 337 ‚
340 302 456 344 prout
481 305 530 332 ex
555 294 701 346 equino
720 305 785 333 aut
801 292 977 333 muliebri
998 293 1114 331 ubere
1136 292 1324 332 laetaren-

42 344 133 386 tur?
155 344 280 398 Quasi
295 358 393 385 vero
409 347 447 384 in
460 345 688 387 laftantibus
704 349 916 387 etiamnum
935 346 1058 385 bestiis
1071 358 1249 398 magnam
1265 347 1323 384 in·

43 400 144 440 dolis
164 402 204 439 ὄι
230 399 390 439 feritatis
409 398 659 440 differentiam
691 401 908 441 videamus.
935 399 1060 439 Immo
1083 402 1170 453 quis
1191 400 1258 441 ille
1275 412 1324 439 ex

45 453 200 495 duobus
211 452 265 493 est
276 452 494 506 ἀγριώτερος
508 455 571 493 καὶ
592 455 852 508 φοβερώτερος
866 453 1047 494 Profecto
1060 466 1188 493 merae
1202 451 1328 492 absur-

44 508 206 554 ditates,
228 507 270 546 δι
289 506 423 548 misere
440 507 673 561 depravatus
693 508 747 548 est
766 509 826 548 hic
843 509 963 549 locus.
985 509 1084 548 Nam
1101 521 1148 548 ne
1170 507 1324 548 Graeca

44 561 200 615 quidem
211 561 317 600 bona
329 559 426 601 sunt.
444 561 549 614 Quis
561 563 662 602 enim
674 563 760 602 dicit
773 567 815 602 τὸ
827 565 969 615 νεογνὸν
982 565 1024 602 τὶ
1039 561 1073 600 ἓν
1085 561 1155 601 τῶν
1165 563 1300 601 νηπίων
1313 576 1326 609 ;

46 628 132 669 quo
143 615 338 668 geminum
353 615 460 656 illum
475 615 701 656 articulum?
715 616 755 655 &
769 628 840 656 cur
852 629 932 655 non
948 616 1218 655 tantummodo
1232 618 1273 654 τὶ
1287 614 1326 654 ἓν

46 669 121 710 τῶν
136 670 289 716 νηπίων,
304 668 368 709 vel
382 673 425 709 ‘rb
443 668 480 708 ἓν
496 669 568 710 τῶν
584 670 761 723 νεογνῶν;
782 669 895 723 Quin
915 670 1029 710 etiam
1047 683 1116 709 cur
1133 682 1212 709 non
1225 669 1326 709 addit

45 722 280 764 manifestius
298 722 570 771 differentiam,
585 736 627 763 ut
647 735 849 777 appareat,
867 737 984 777 quam
1006 725 1068 764 hic
1090 723 1135 763 fit
1153 737 1200 763 ex
1218 735 1327 776 patre

45 774 195 830 ἂγριος,
211 777 306 817 alter
321 776 367 816 stt
379 776 495 817 instar
513 779 642 817 matris
653 790 719 817 aut
734 778 910 825 καλλίων,
924 789 991 817 aut
1010 777 1166 817 mitior?
1181 777 1238 816 En
1262 779 1328 831 igi-

46 844 112 872 tur
126 830 369 872 neceffariam
383 831 424 871 &
436 833 629 884 egregiam
645 832 939 880 restitutionem,
952 834 993 870 τὶ
1007 834 1152 886 νεογνὸν
1165 831 1277 878 ἒὲχιὸ
1291 833 1326 870 ἑν

48 884 104 934 τῷ
118 885 237 934 νηπίῳ
263 885 362 935 ὅμως
383 883 513 938 ἄγριον
529 886 596 925 καὶ
612 885 645 925 ἓν
661 886 715 934 τῷ
738 884 883 935 {coram}
906 885 976 926 iis„
1000 886 1160 938 φοβερόν·
1186 897 1258 925 nec
1281 886 1328 925 de

49 939 174 980 altero
188 938 379 979 infantum
391 969 405 986 ‚
418 940 480 979 sed
493 951 662 992 utroque
676 941 820 993 accipe,
837 941 963 979 Foetus
977 954 1089 979 autem
1101 941 1214 979 adhuc
1226 942 1261 978 irz
1280 952 1329 978 te-

47 994 190 1033 nerrima
202 1005 314 1033 aetate
324 1006 434 1033 tamen
446 993 544 1045 ftms
557 995 591 1033 δ’
601 995 637 1033 in
656 995 751 1035 molli
763 995 832 1034 iam
844 995 1010 1033 terribilis.
1025 994 1177 1034 Deinde
1190 1005 1300 1033 verte
1313 1007 1322 1034 :

48 1050 87 1088 E
89 1061 102 1086 t
114 1050 177 1088 hoc
188 1048 270 1087 mila·
294 1048 403 1099 visum
414 1051 459 1102 est
468 1049 691 1088 admiratione
703 1048 842 1102 dignum
851 1079 863 1094 ,
877 1047 946 1102 (ut
962 1048 1148 1088 referatur
1161 1049 1207 1086 ad
1220 1061 1330 1101 prae-

47 1102 211 1151 cedens,
229 1102 338 1155 quod
349 1115 549 1154 perperam
563 1102 790 1143 Benedictus
801 1102 917 1143 refert
930 1103 976 1143 ad
991 1102 1180 1155 sequens)
1194 1102 1228 1141 ‹5›
1240 1105 1331 1155 quod

46 1158 228 1196 admodum
236 1157 407 1210 pueriliter
417 1157 495 1196 διε.
515 1156 612 1197 Sane
627 1158 740 1196 etiam
754 1157 830 1197 tale
846 1158 938 1210 quid
956 1158 1112 1196 :videtur
1133 1156 1330 1196 attendiffe

47 1209 294 1264 Obsopoeus.
307 1210 454 1251 Gaon.
468 1210 542 1251 Τῶν
561 1211 714 1265 νεογνῶν
733 1210 773 1251 P.
788 1211 830 1250 &
844 1211 887 1250 L.
906 1211 951 1250 In
967 1211 1123 1265 reliquis
1137 1224 1257 1265 prave
1273 1211 1329 1250 le-

50 1265 157 1318 gitur
168 1266 215 1305 τὶ
231 1265 389 1319 νεογνόν.
402 1266 561 1306 SOLAN.

104 1320 179 1359 ead.
191 1320 213 1358 l.
232 1333 247 1358 1
260 1333 291 1358 1.
306 1319 361 1359 Ἐν
372 1319 459 1371 χρῷ
473 1342 517 1350 -
529 1318 845 1372 προσιστάμενοι)
866 1318 942 1358 Etsi
958 1318 1192 1372 praepositio
1216 1319 1248 1358 ἐν
1268 1317 1330 1358 hic

47 1372 117 1413 vix
130 1372 256 1413 abeffe
270 1385 400 1426 queat,
415 1374 557 1414 accedit
569 1385 699 1412 tamen
715 1375 760 1413 ad
774 1372 1052 1426 pleonasmum,
1070 1373 1114 1412 de
1126 1386 1210 1426 quo
1223 1373 1328 1412 Dial.

48 1427 444 1521 praecedkHerodot.
460 1441 543 1481 cap.
562 1442 597 1481 5,
616 1429 662 1467 ad
685 1428 808 1468 verba
832 1428 1029 1479 παίζουσιν
1048 1427 1083 1468 ἐν
1105 1427 1257 1475 ὅπλοις,
1276 1427 1331 1466 di·

49 1494 192 1522 ximus.
252 1493 359 1522 ειτῑ.

107 1536 144 1575 ἱη
161 1537 277 1576 Schol.
295 1535 519 1589 Χορευτικέι)
535 1535 646 1576 Ride.
661 1535 821 1576 SOLAN.

107 1590 199 1643 Pag.
216 1604 301 1644 131.
315 1591 340 1630 l.
361 1603 392 1643 5.
408 1591 594 1642 Περίβιιλε
609 1612 654 1619 -
671 1590 737 1628 καὶ
754 1589 954 1643 ἀράμενοι)
968 1590 1103 1629 Unum
1119 1588 1330 1641 alloquitur

52 1642 280 1697 discipulum
291 1675 305 1692 ,
321 1655 450 1684 tamen
465 1643 645 1697 fingulari
664 1644 705 1684 δι
728 1643 862 1696 plurali
881 1657 1046 1684 numero
1059 1643 1169 1683 simul
1191 1644 1331 1690 utitur,

52 1698 200 1739 dicens:
217 1697 296 1752 ἄγε
311 1699 488 1745 Μικκίων,
508 1698 688 1752 περίβιιλε
707 1698 774 1738 τὴν
789 1698 913 1738 εἰκόνα
926 1728 938 1744 ,
961 1697 1027 1737 καὶ
1046 1697 1218 1750 ἀράμενοι
1232 1698 1334 1735 ἐωνο-

54 1753 238 1804 ιομίζετε.
256 1753 435 1793 Hoccine
448 1752 680 1793 ἀσύστατον·
699 1753 835 1792 involve
856 1755 918 1792 hoc
933 1753 969 1791 δ’
982 1752 1120 1803 auferte.
1135 1752 1198 1791 De
1212 1751 1334 1791 Grae-

55 1807 111 1846 cis
123 1805 278 1847 securus
292 1806 530 1858 Obsopoeus
551 1818 761 1860 utrumque
774 1805 953 1859 singulari
966 1818 1131 1846 numero
1146 1805 1306 1845 reddidit
1316 1836 1332 1852 ,

56 1873 139 1911 age,
151 1876 250 1914 puer,
268 1862 457 1901 involutam
466 1862 630 1912 piHuram
647 1860 754 1912 aufer.
771 1860 842 1901 Sed
856 1873 904 1900 an
925 1859 1137 1912 posteriora
1150 1860 1188 1898 in
1203 1859 1332 1911 singu-

54 1914 173 1954 larem
186 1926 299 1955 erunt
311 1915 495 1955 mutanda
504 1945 516 1963 ,
530 1917 594 1955 vel
612 1927 832 1968 pronomen
845 1909 949 1959 ὑμεῖς
967 1927 1056 1955 ante
1073 1914 1251 1966 ἀράμενοι
1264 1926 1333 1953 ex-

55 1968 184 2009 cidiffe
202 1968 428 2009 dicendum?
444 1970 557 2022 quia,
577 1969 778 2022 postquam
799 1981 923 2008 unum
941 1981 1103 2021 puerum
1126 1968 1334 2007 involvere

56 2022 246 2076 picturam
261 2022 414 2064 iufferat
426 2054 436 2071 ‚
458 2023 544 2063 dein
560 2021 771 2063 conversus
791 2023 838 2062 ad
856 2033 1008 2062 ceteros
1025 2023 1183 2061 dixerit:
1201 2022 1241 2061 &
1256 2034 1331 2061 vos

56 2089 143 2117 eam
164 2078 324 2117 domum
346 2076 520 2124 auferte,
539 2078 684 2131 quippe
708 2090 807 2130 quae
823 2078 947 2117 maior
965 2087 1067 2122 erat,
1086 2089 1202 2129 quam
1222 2088 1267 2114 ut
1282 2076 1330 2114 ab

58 2143 140 2171 uno
153 2132 360 2172 commode
374 2133 518 2185 portari
541 2130 673 2185 poffet.
693 2131 750 2170 At
764 2130 887 2183 potest
911 2127 1016 2181 ὑμεῖς
1034 2130 1085 2169 sic
1109 2143 1176 2183 per
1190 2128 1226 2168 se
1241 2128 1331 2169 satis

59 2186 242 2239 intelligi,
256 2186 345 2226 ideo
361 2185 451 2225 nihil
464 2196 596 2234 mut03
611 2185 705 2238 quin
726 2185 790 2225 vel
804 2184 881 2225 fine
892 2185 1051 2225 transitu
1067 2183 1118 2223 s1c
1131 2182 1255 2237 potest
1272 2196 1335 2224 ac-

58 2240 157 2292 cipi,
178 2251 221 2280 ut
234 2252 357 2280 unum
374 2240 530 2280 nomine
552 2252 702 2280 vocans
721 2240 755 2279 ei
777 2238 885 2279 simul
900 2240 1074 2286 mandet,
1088 2239 1179 2292 quid
1201 2237 1247 2277 ab
1261 2250 1334 2283 eo,

60 2294 153 2346 quid
168 2295 216 2334 ab
238 2294 399 2348 reliquis
419 2293 503 2334 fieri
518 2293 635 2340 velit,
654 2293 818 2346 ideoque
833 2306 985 2334 comma
998 2325 1009 2342 ,
1031 2293 1136 2345 quod
1158 2293 1195 2331 in
1216 2291 1333 2344 Paris:

62 2347 146 2398 post
167 2348 287 2389 εὶκὸνοι
306 2359 409 2395 erat,
428 2348 601 2396 servavi,
620 2348 727 2401 quod
741 2349 853 2387 Salm.
877 2349 916 2387 in
940 2349 1123 2400 punctum
1142 2347 1331 2388 mutavit:

61 2401 100 2441 'id
121 2415 218 2442 vero
231 2401 258 2442 s1
274 2403 360 2455 quis
371 2403 591 2456 praetulerit
603 2433 615 2450 ,
634 2413 679 2441 ut
699 2414 849 2442 novum
872 2415 894 2441 a
909 2402 972 2440 καὶ
990 2401 1162 2452 ἀράμενοι
1179 2401 1336 2439 manda-

61 2467 147 2498 tum
160 2457 338 2511 incipiat,
362 2456 488 2512 potest
509 2458 690 2512 recipere.
708 2455 768 2496 Est
789 2467 917 2498 tamen
942 2456 1089 2498 locutio
1112 2456 1252 2502 rarior,
1266 2466 1336 2495 nec
