1768 3185
264 121 366 167 IN
431 121 1197 168 HERMOTIMUM.
1274 141 1368 188 423

105 222 185 250 κεις
207 209 326 260 ταύτῃ
344 225 356 258 ;
385 211 512 250 Adhuc
530 210 640 263 ipsum
660 212 964 265 comprehenderes,
976 212 1015 262 fi
1035 211 1249 264 insequereris
1273 215 1370 253 hac?

105 264 223 316 Apud
243 263 366 304 Dion.
384 264 508 303 Halic.
526 266 568 304 L.
589 266 643 310 V,
662 278 697 317 p.
714 279 803 318 313,
818 267 835 304 ii
852 265 881 302 σι’
898 263 1095 304 Σιώιιοντες
1113 267 1372 316 κατελάμβα-

104 332 169 372 νον.
186 318 234 357 Et
243 317 427 356 Artemid.
443 318 483 357 L.
502 318 542 364 l,
557 332 593 370 p.
617 332 708 371 295,
724 315 811 358 οὖὸὲ
823 317 1017 370 spoewe-rm
1031 317 1173 357 sacham
1191 311 1372 358 ›eirami-

106 371 176 417 βω.
189 372 298 411 Haec
311 371 382 410 ille.
396 371 456 410 Sic
470 372 589 411 Latini
597 373 760 425 persequi,
774 385 859 424 pro,
873 371 996 410 hostili
1015 372 1147 411 animo
1160 371 1371 424 fugientem

105 423 294 478 persequi,
315 425 355 464 δι
369 425 510 477 aliquid
522 424 640 478 sequi,
660 426 782 466 donec
794 427 980 477 acquiras,
997 424 1035 463 in
1052 425 1192 464 bonam
1205 437 1347 478 partem
1360 440 1375 474 3

104 478 182 517 vid.
203 479 378 532 Ambigua
394 478 520 518 nostra
532 509 545 526 ‚
565 480 630 518 ubi
645 479 684 518 δι
704 478 878 531 exempla
891 479 1076 532 quaedam
1092 478 1243 519 Graeca
1257 480 1369 519 verbi

104 529 250 572 &eham
264 532 459 578 dedimus,
477 532 665 585 pluraque
685 533 762 571 iam
777 533 864 572 dare
887 531 1098 585 possemus,
1117 531 1188 571 nisi
1204 533 1297 573 haec
1311 532 1372 572 sa-

104 585 154 624 tis
163 595 259 624 nota
270 586 553 625 arbitraremur.
567 587 725 625 Minime
735 598 860 625 tamen
875 586 1047 638 vulgaria
1057 598 1180 632 erant,
1191 600 1291 640 quae
1302 587 1373 626 ibi·

107 638 195 678 dem
217 650 264 678 ex
284 637 426 679 dofflff.
439 639 656 679 consobrini
675 639 872 679 Abreschii
891 638 1113 679 Observatt.
1134 641 1180 679 ad
1198 639 1377 692 Hesych.

106 692 269 746 petenda
286 694 561 741 indicavimu53
579 706 757 746 quaeque
781 693 980 732 videantur
1003 694 1041 732 in
1055 692 1276 734 Observatt.
1297 695 1374 733 Mi-

105 745 257 786 scellan.
278 748 326 786 ab
339 748 495 786 eruditis
505 747 698 787 Britannis
717 746 927 792 inchoatis,
949 747 1040 786 Vol.
1059 748 1113 794 V,
1125 747 1175 786 T.
1189 747 1266 794 111,
1283 747 1373 787 anni

110 812 183 853 ¹73
194 813 228 853 5,
245 813 280 852 p.
294 815 345 854 92
356 830 367 847 ‚
383 801 449 840 ubi
462 801 660 847 docemur,
683 801 826 840 AEaaixesv
838 801 1061 852 generaliter
1073 799 1281 853 significare
1291 802 1375 841 cele-

109 853 190 893 riter
200 868 325 893 currere
334 870 350 902 ‚·
369 854 543 908 adeoque
563 855 751 894 interdum
769 855 885 894 etiam
907 854 954 893 de
973 853 1140 907 fugiente
1156 855 1247 903 dici,
1263 856 1373 895 velut

108 905 278 959 Hesych.
300 908 444 948 ἒιὼκειν
463 909 575 948 etiam
595 908 881 961 interpretatur,
900 909 980 957 μεθ’
999 906 1112 959 ὁρμῆς
1137 908 1309 962 φεύγειν,
1327 922 1372 949 ac

107 960 294 1012 Thucyd.
309 962 424 1008 VIII,
438 974 470 1001 c.
488 975 560 1002 102
570 992 581 1011 ‚
597 962 666 1003 Τὴν
689 961 815 1014 ὃίωξιν
832 959 933 1001 εὐθὺς
944 963 1162 1011 ποιούμενοι·
1175 962 1280 1015 quod
1289 963 1377 1002 aliis

105 1014 294 1068 exemplis
305 1016 443 1070 probat
457 1016 557 1056 idem
569 1015 799 1057 Abreschius
813 1016 964 1055 ibidem.
979 1015 1120 1055 REITZ.

108 1095 115 1099 -
165 1073 238 1109 ead.
249 1069 273 1108 l.
285 1070 448 1122 3.Ἀλλὲι
457 1070 520 1109 καὶ
534 1069 757 1123 κατάλαβε)
769 1069 864 1109 Satis
875 1068 1033 1109 absurde
1044 1068 1279 1123 Obsopoeus
1290 1082 1377 1110 ver·

42 1145 46 1148 ·
111 1132 229 1170 terat,
237 1121 304 1175 sed
310 1125 395 1176 esto,
399 1126 437 1175 fi
451 1124 623 1163 videtum
635 1140 705 1165 com
730 1123 906 1176 rehendiffi2
914 1153 928 1170 ‚
942 1122 1049 1176 quafi
1063 1124 1252 1168 κατέλαβε
1270 1123 1373 1176 lege-

110 1187 238 1225 retur,
259 1179 366 1229 quod
379 1189 507 1216 tamen
521 1191 599 1217 non
618 1140 729 1231 possg
737 1177 819 1217 fieri
832 1208 844 1227 ,
864 1177 1024 1230 sequens
1043 1176 1114 1230 ἔχε
1135 1176 1220 1216 satis
1231 1178 1371 1217 docere

111 1241 261 1283 poterat
275 1243 284 1269 ε
300 1243 338 1270 at
350 1230 477 1271 forsan
491 1232 636 1279 voluit,
641 1235 678 1285 fi
688 1233 833 1278 videtur,
844 1244 875 1270 te
885 1230 1173 1283 comprehendzffe‚
1185 1243 1256 1284 pro
1267 1233 1305 1283 fi
1316 1232 1371 1270 νὶ-

110 1285 198 1324 deris
210 1285 486 1338 comprehendtffe
495 1317 506 1331 ‚
520 1297 683 1338 tumque
694 1286 806 1325 nimis
819 1285 1006 1337 ambigue.
1024 1284 1166 1323 Rm-z.

112 1363 116 1367 -
165 1341 241 1378 ead,
258 1339 282 1377 l.
300 1339 395 1388 8.Τῇ
408 1339 520 1392 σορῷ)
538 1340 578 1380 ld
589 1353 726 1379 verum
740 1338 834 1387 effe,
848 1340 922 1378 iam
936 1339 1010 1377 dixi
1022 1337 1135 1391 supra
1147 1338 1183 1377 in
1199 1337 1373 1391 Apolog.

108 1405 145 1433 c.
165 1392 356 1445 13>Brod.
370 1392 478 1433 Misc.
496 1394 570 1441 IX,
587 1394 634 1433 16
650 1392 675 1433 f.
688 1394 758 1432 ait:
775 1394 865 1432 Hoc
882 1392 1057 1432 enucleat
1071 1391 1210 1431 Erasm.
1227 1392 1265 1430 in
1280 1406 1372 1442 pro·

111 1446 251 1486 verbio
260 1476 274 1492 ,
287 1448 426 1487 alterum
437 1451 550 1500 pedem
562 1449 596 1486 ὶη
608 1449 730 1499 cymba
745 1447 923 1487 Clzarontis
936 1448 1064 1484 habere.
1077 1446 1149 1485 Sed
1163 1458 1234 1498 pro
1248 1445 1296 1495 τζῖ
1309 1460 1372 1485 σε·

111 1499 158 1553 pe}
169 1498 294 1539 scribit
306 1499 352 1550 τ’·ςῖ
365 1501 474 1551 σοφῷ,
495 1514 574 1541 non
587 1501 652 1541 sua
663 1531 674 1549 ‚
695 1499 757 1542 sed
770 1513 977 1554 operarum
989 1499 1113 1553 culpa.
1132 1499 1289 1539 Interim
1310 1512 1373 1552 ge·

111 1566 190 1593 nus
202 1554 303 1594 re&e
315 1555 364 1594 ibi
377 1554 565 1608 expressit.
581 1556 726 1595 REITz.

166 1609 246 1646 ibid.
255 1602 386 1648 Ἄλλην
399 1631 443 1639 —
458 1609 552 1656 βίον)
567 1611 656 1649 Hoc
669 1621 767 1649 vero
781 1606 853 1655 est,
867 1606 973 1660 quod
985 1619 1057 1647 nos
1069 1605 1289 1653 Christiani,
1305 1605 1371 1646 fir-

114 1660 280 1702 miffimis
293 1663 393 1704 duffl
409 1663 641 1710 rationibus,
653 1662 811 1702 aufitore
824 1661 906 1715 ipso
918 1661 1010 1701 Deo
1018 1691 1033 1708 ,
1043 1660 1237 1714 speramus
1249 1676 1256 1700 :
1271 1673 1374 1712 quos

113 1715 212 1755 adeo
223 1715 313 1755 nihil
326 1729 460 1756 eorum
474 1747 486 1762 ,
503 1730 601 1770 quae
613 1717 672 1756 hic
684 1729 706 1756 a
718 1717 892 1756 Luciano
905 1715 1157 1760 adducuntur,
1171 1713 1217 1753 ab
1230 1714 1373 1754 institu-

115 1780 159 1809 to
169 1770 361 1810 retrahere
375 1784 544 1823 aequum
554 1771 622 1817 est,
632 1783 722 1810 cum
736 1783 782 1809 ne
794 1782 865 1809 nos
875 1769 1027 1822 quidem
1042 1777 1210 1819 tangant.
1226 1767 1372 1818 Quam-

114 1835 233 1877 quam
244 1836 369 1876 neque
380 1835 520 1863 tantam
534 1826 616 1864 eius
628 1824 838 1864 rationibus
849 1822 961 1862 ineffe
974 1824 1053 1861 vim
1063 1851 1074 1867 ,
1093 1834 1173 1860 rem
1192 1824 1294 1860 recte
1313 1834 1373 1861 re-

115 1888 254 1931 putans
266 1878 453 1923 invenies,
469 1889 513 1917 ut
527 1878 590 1918 vel
602 1891 623 1917 a
638 1877 898 1930 philosophiae
910 1876 1034 1916 studio
1051 1875 1226 1914 homines
1243 1875 1376 1914 Ethni.

115 1943 187 1970 cos
200 1932 389 1971 deterrere
409 1930 564 1984 prorsus
583 1932 746 1970 valeant.
767 1930 843 1970 Etsi
862 1931 962 1969 enim
972 1928 1252 1991 perfeetionem
1268 1928 1374 1967 illam

117 1985 298 2025 omnibus
315 1984 390 2025 suis
402 1986 568 2025 numeris
579 1984 788 2025 absolutam
801 1983 898 2036 affeq
905 1985 942 2023 ui
954 1997 1034 2023 non
1047 1982 1218 2027 dabatur,
1232 1995 1306 2034 ope
1322 1995 1375 2021 ra-

118 2051 205 2080 men
221 2038 536 2091 philosophiae&
551 2040 725 2079 meliores
738 2037 812 2078 sese
836 2038 876 2077 δι
898 2038 1090 2077 beatiores
1112 2036 1174 2082 iis,
1191 2048 1291 2087 quos
1311 2035 1373 2074 sa-

117 2093 286 2146 pientiae
300 2093 404 2132 nulla
419 2105 511 2132 cura
523 2103 647 2141 tenet,
659 2091 842 2132 evasuros
856 2093 892 2130 in
906 2092 975 2131 hac
987 2092 1082 2136 vita,
1096 2090 1140 2128 ad
1154 2090 1307 2128 virtutis
1322 2088 1374 2128 sa-

118 2146 361 2198 pientiaeque
373 2147 536 2187 studium
556 2145 640 2186 satis
655 2159 832 2199 magnum
855 2157 1093 2184 momentum
1105 2143 1222 2181 videri
1235 2144 1373 2182 decuit.

118 2200 257 2253 Neque
271 2212 315 2239 ea
329 2200 484 2241 Luciani
506 2213 634 2247 mens,
658 2212 700 2240 ut
717 2201 893 2239 homines
913 2212 935 2237 a
956 2198 1154 2251 sapientiae
1176 2196 1297 2236 studio
1318 2209 1374 2236 re-

119 2254 307 2300 traheret,
322 2252 384 2294 sed
402 2267 443 2294 ut
464 2267 484 2294 a
503 2253 671 2294 futilibus
685 2253 919 2306 Logicorum
940 2253 1044 2291 tricis
1062 2263 1175 2302 atque
1189 2250 1375 2302 captioni-

120 2308 194 2347 bus
204 2307 357 2361 aliisque
371 2307 628 2362 philosophiae
642 2307 693 2346 sui
707 2307 887 2359 te'mporis
902 2307 1006 2345 vitiis
1021 2306 1193 2344 advitam
1209 2303 1309 2343 roste
1322 2314 1377 2343 at-

121 2373 199 2413 que
212 2360 367 2400 honeste
389 2361 674 2406 instituendam,
691 2373 731 2399 ut
754 2361 792 2399 in
814 2360 1056 2411 sequentibus
1076 2358 1245 2404 videbis,
1259 2370 1376 2396 revo-

121 2425 193 2457 cet.
207 2414 548 2468 Quemadmodum
559 2414 715 2456 Isocrati
729 2428 885 2468 operam
901 2411 1169 2507 dantesssrgidet
1180 2411 1282 2466 apud
1293 2410 1379 2458 Plu-

1118 2480 1142 2515 4
