1768 3185
219 212 323 258 IN
390 210 1160 257 HERMOTIMUM.
1244 215 1334 278 367

112 301 150 342 in
169 302 285 343 Schol.
305 301 381 355 Εἰς)
397 300 510 340 Parvi
524 299 577 340 est
589 330 598 347 ,
614 301 720 352 quod
734 300 783 340 εἰς
796 299 951 340 citatum
967 299 1148 352 relinquo
1161 331 1173 347 ,
1192 315 1277 341 cum
1299 307 1336 343 in

0 372 16 396 ›·
61 356 226 397 auclore
249 354 331 409 ipso
353 366 481 394 tamen
507 355 655 406 legatur
676 362 725 402 ες,
748 354 785 392 id
806 355 913 406 quod
936 353 1106 394 Luciano
1128 355 1244 408 longe
1264 357 1339 397 fre·

61 410 266 464 quentiu3‚
283 421 400 462 quam
422 408 483 448 εἰς·
507 407 548 447 &
563 407 650 446 licet
674 407 734 447 hic
755 407 910 459 perinde
923 405 988 455 fit,
1004 419 1132 446 tamen
1146 409 1336 449 interdurn

61 461 226 517 praestat
239 463 292 509 ἐς,
304 461 492 502 interdum
512 461 580 509 εὶς,
594 461 640 499 ad
662 460 872 512 pleniorem
888 460 1035 500 sonum.
1055 461 1126 501 Sed
1141 463 1192 502 εἰς
1215 465 1338 502 νέωτει

62 517 204 556 dicitur
226 516 265 555 in
286 514 520 568 proverbiali
537 514 736 554 locutione
757 515 858 566 apud
877 515 1150 562 Theocritum,
1172 517 1236 568 qui
1260 518 1337 564 ait,

60 566 138 610 Ἀεὶ
152 572 319 623 ’γεωργος
337 569 388 608 εἰς
409 569 526 609 νέωτα,
544 569 739 615 πλούσιος,
757 571 897 622 Semper
909 571 1060 621 agricola
1077 570 1113 608 in
1129 586 1255 610 novum
1273 588 1338 610 an-

62 640 143 664 num
159 624 263 662 dives.
274 622 422 662 ΚΕΗ-7..

1 710 8 727 ,
62 727 88 771 s
115 677 195 716 ibid.
217 676 399 729 Μέλλων)
422 674 540 715 Deest
565 675 746 715 ἐνιαυτός.
770 674 815 714 In
838 675 931 715 Exc.
953 675 1002 717 G.
1022 676 1163 730 legitur
1185 677 1337 729 μέλλον.

90 741 221 770 OLAN.
1087 742 1101 756 ⁸

67 779 71 783 ’
117 784 208 838 Pag.
224 784 260 824 6.
273 783 296 822 l.
317 797 348 822 1.
361 779 531 832 Εὐθεῖαν)
547 781 622 821 Etfi
641 779 719 822 εὐθὺ
733 781 882 821 defendi
901 781 1034 835 poffit,
1056 785 1193 824 merito
1209 796 1339 826 tamen

61 836 127 877 hic
142 836 401 878 auscultamus
430 848 597 890 quatuor
614 835 697 875 ΜΠ.
716 836 755 875 &
773 835 896 875 stilum
918 836 1065 876 Nostro
1083 838 1260 879 usitatum
1284 840 1341 880 se·

62 891 230 944 quimur.
242 891 334 930 Vid.
350 889 446 931 infra
459 903 490 930 c.
510 903 568 942 15.
584 889 698 929 Plura
710 890 887 942 exempla
898 891 934 928 in
945 890 1065 930 indice
1077 891 1202 931 forsan
1216 907 1340 946 appa-

0 965 2 986 ;
65 945 217 985 rebunt.
242 941 401 991 Εὐθεῖαν,
421 943 614 994 τραχεῖαν
636 942 712 983 διε.
741 955 891 993 autem,
912 943 1048 983 omiffo
1073 944 1172 992 ὃὲὸν,
1194 946 1234 986 8(
1260 948 1340 987 aliis

63 997 244 1052 frequens
266 997 361 1046 esse,
385 998 465 1037 vid.
488 998 569 1038 Bos
591 997 637 1037 de
656 996 782 1050 Ellips.
809 1010 893 1051 pag.
919 1011 1004 1049 107.
1026 998 1105 1038 Nifi
1128 1000 1203 1040 hoc
1228 1002 1339 1041 nimis

64 1053 237 1105 vulgare.
254 1052 402 1091 Rmz.

116 1109 193 1146 ead.
207 1107 231 1145 l.
248 1104 422 1159 3.‘1›lp.i‘v)
437 1104 496 1146 Sic
516 1104 661 1158 optime
681 1104 738 1144 ed.
753 1105 783 1143 I.
807 1104 996 1158 Reliquae
1015 1102 1115 1156 ὑμῖν,
1135 1109 1241 1160 quod
1261 1107 1339 1149 scio

66 1161 258 1200 neminem
273 1160 543 1213 probaturum,
560 1159 629 1212 qui
644 1159 857 1198 Lucianurn
872 1171 1015 1199 attente
1026 1161 1168 1213 legerit.
1182 1163 1340 1203 SOLAN.

65 1211 197 1267 Ὑμῖν)
222 1213 492 1266 Quantumvis
507 1213 718 1252 blandiatur
731 1212 907 1252 Iuntinae
925 1214 1038 1254 leffio
1056 1214 1141 1264 ἡμῖν
1158 1217 1342 1257 exhiben-

65 1267 136 1313 tis,
152 1280 230 1306 non
246 1278 373 1306 tamen
385 1280 468 1307 eam
485 1268 652 1319 recipere
671 1265 787 1305 auslm
799 1281 812 1314 3
825 1267 919 1319 quin
934 1267 1106 1320 perleffls
1120 1271 1340 1321 praemiffis,

66 1319 144 1360 iam
157 1322 358 1374 vulgatam
372 1318 458 1370 ὑμῖν
473 1319 662 1374 praefero.
677 1321 776 1360 Nam
792 1333 880 1360 cum
896 1321 1031 1360 Lucini
1049 1322 1209 1374 persona
1225 1324 1339 1378 supra

12 1417 13 1421 ,
65 1375 288 1423 inducatur,
308 1374 416 1428 quafi
430 1375 583 1428 ignara,
600 1387 715 1427 quam
731 1374 892 1426 longum
908 1374 949 1414 &
970 1375 1130 1416 arduum
1151 1377 1196 1417 fit
1211 1379 1279 1419 iter
1294 1380 1342 1419 ad

12 1442 14 1475 ζ
68 1429 257 1468 virtutem
270 1459 282 1475 ,
297 1441 377 1468 non
390 1429 582 1468 immerito
599 1428 748 1467 videtur
761 1430 874 1467 etiam
887 1429 946 1468 hic
957 1429 1081 1468 dicere
1093 1461 1104 1478 ‚
1117 1444 1245 1482 petram
1261 1469 1266 1478 ,
1285 1435 1341 1471 ubi

66 1482 181 1523 vobis
194 1483 407 1536 philosophis
424 1483 459 1521 δ’
469 1483 621 1522 heroibus
635 1484 745 1521 virtus
761 1483 912 1521 hahitare
928 1484 1081 1524 creditur.
1092 1484 1208 1527 Conf.
1221 1487 1343 1526 omni·

10 1548 11 1554 ’
67 1549 124 1577 no
137 1551 175 1590 p.
189 1552 229 1590 3,
243 1550 266 1576 a
278 1535 374 1577 vers.
387 1536 410 1575 8
427 1536 473 1576 ad
485 1535 551 1575 fin.
567 1535 711 1575 Rzrrz.

123 1593 196 1630 ead.
214 1591 238 1630 l.
261 1589 380 1640 41⁸&
398 1589 534 1642 Ἀόρνου
553 1590 710 1641 ἐκείνης)
734 1588 899 1629 Diodor.
925 1590 966 1630 L.
990 1591 1037 1643 ιζ.
1061 1591 1102 1631 &
1123 1592 1274 1632 Arrian.
1296 1608 1340 1647 γ.

9 1666 12 1680 ι
67 1643 209 1684 BRon.
224 1643 288 1685 De
301 1644 380 1685 hoc
396 1643 486 1685 loco
498 1644 546 1683 id.
561 1642 663 1683 Dial.
675 1643 836 1698 Philipp.
854 1644 893 1684 δι
908 1643 1023 1685 Alex.
1037 1646 1129 1686 Arr.
1145 1646 1254 1688 Curt.
1268 1648 1342 1688 alii.

67 1697 244 1739 Eoum).
412 1731 422 1741 .

123 1755 198 1792 ead.
212 1753 236 1792 l.
251 1765 310 1792 ιο.
321 1751 627 1805 Προσέρχονται)
641 1751 754 1791 Verti
766 1781 776 1800 ‚
793 1765 837 1792 ac
853 1750 880 1791 st
899 1752 1049 1806 legatur
1067 1755 1314 1808 προέρχονται
1330 1786 1343 1809 2

6 1819 9 1830 ¹
67 1806 183 1859 ,quod
195 1819 333 1846 verum
348 1817 456 1859 puto.
471 1804 600 1846 GESN.

6 1854 8 1861 ’
124 1862 199 1899 ead.
214 1861 238 1899 l.
255 1860 315 1899 16.
327 1860 396 1898 Καὶ
407 1863 449 1898 τὶ
463 1859 535 1900 ἀπ’
549 1859 698 1913 ἐκείνου)
713 1860 771 1899 Ac
790 1860 953 1911 deinceps.
970 1862 1109 1901 BROD.

126 1914 219 1966 Pag.
230 1927 269 1964 7.
285 1914 310 1953 l.
326 1927 360 1952 2.
376 1909 460 1952 Οῖον
470 1911 691 1966 μύρμηκας)
705 1914 836 1967 Atque
851 1915 1045 1968 indignos,
1058 1916 1124 1969 qui
1139 1915 1343 1958 hominum

4 1978 7 2013 ’,
70 1967 332 2021 appellatione
345 1968 606 2007 nominentur.
624 1968 765 2007 BROD.

126 2023 205 2061 ead.
220 2021 243 2060 l.
258 2023 415 2075 3.Τινὲις
427 2020 512 2060 τοὺς
533 2020 700 2075 ἄλλους)
721 2020 959 2061 Subduxerat
978 2021 1140 2063 Solanus
1160 2034 1346 2076 pronom.

4 2089 5 2094 ¹
71 2077 178 2114 τινὰς
189 2073 446 2127 asteriscoque
455 2074 494 2114 δι
504 2087 671 2114 numero
679 2087 902 2124 notaverat,
914 2077 1124 2116 variantem
1139 2077 1343 2118 ieffionem

72 2128 317 2181 quaesiturus
331 2139 451 2181 atque
466 2129 683 2168 additurus:
701 2140 740 2168 at
764 2143 843 2169 non
866 2131 1036 2176 invenit,
1058 2144 1128 2171 nec
1151 2144 1250 2184 opus
1269 2131 1344 2180 est3

73 2181 142 2223 etst
157 2183 221 2222 vel
238 2184 345 2222 τινὰς
360 2181 425 2222 vel
440 2182 620 2222 articulus
631 2183 714 2222 τοὺς
728 2182 852 2223 abeffe
873 2196 997 2237 queat.
1013 2184 1083 2224 Sed
1096 2184 1149 2224 est
1167 2186 1348 2238 pleonas-

74 2249 162 2276 mus
174 2235 355 2283 usttatus,
370 2248 415 2277 ut
437 2235 546 2288 supra
560 2235 660 2276 Dial.
678 2238 853 2276 omnium
870 2239 995 2290 primo
1007 2269 1019 2284 ‚
1040 2237 1065 2277 s.
1087 2239 1219 2279 Somn.
1244 2240 1345 2280 haud

73 2288 191 2343 longe
200 2289 250 2329 ab
260 2290 339 2330 init.
351 2289 521 2344 ταχεῖάν
529 2304 612 2329 τινα
624 2291 687 2329 τὴν
698 2291 919 2343 ἐπικουρίαν,
932 2293 996 2332 ubi
1008 2292 1113 2332 conf.
1127 2305 1208 2332 not.
1227 2294 1346 2333 Hem-

76 2343 191 2384 sterh.
206 2343 315 2384 Adde
326 2373 339 2390 ‚
356 2342 385 2382 fi
400 2344 526 2389 lubet,
541 2344 684 2383 Budaei
697 2344 917 2385 Comment.
934 2360 970 2399 p.
990 2360 1059 2398 593
1079 2345 1102 2385 f.
1118 2348 1244 2399 quiex
1259 2348 1348 2386 Ari-

78 2396 212 2438 stotele
225 2396 338 2437 affert
348 2428 362 2445 ,
378 2394 430 2436 05
444 2397 524 2450 ’γάρ
537 2399 618 2437 ἐστι
630 2403 736 2451 γένος
750 2401 932 2450 ἅνθρωπος
943 2398 1015 2439 τῶν
1026 2399 1130 2439 τινῶν
1146 2400 1344 2452 ἀνθρώπων·

77 2451 119 2491 δι
134 2463 207 2491 nos
221 2452 316 2492 alios
328 2450 511 2491 eiusmodi
532 2452 783 2494 articulorum
800 2452 1040 2507 pleonasmos
1058 2455 1264 2496 indicantes
1274 2486 1285 2505 ,
1298 2456 1345 2495 ad

78 2517 166 2559 cap.
185 2505 234 2547 26
249 2505 364 2546 huius
375 2504 483 2546 Dial.
496 2504 644 2546 RErrz.
