1841 3180
467 81 559 147 5ae
665 73 1548 127 ANNOTATIONES

463 171 554 224 παρ’
575 169 696 225 ὀλίγον
717 169 873 210 ἐλθοῦσα
896 165 1176 220 κατενεχθῆναι·
1201 167 1266 206 ubi
1295 168 1398 208 recte
1424 168 1581 221 interpr.
1603 170 1744 222 Quaml
1778 198 1782 199 ν

463 241 566 279 quam
578 240 700 279 parum
713 227 844 268 aberat,
863 223 944 275 quin
957 222 1163 260 delaberetur
1173 222 1209 259 in
1223 235 1390 276 praeceps.
1408 222 1462 261 Ut
1475 223 1514 262 δι
1528 223 1567 262 in
1579 223 1743 263 Pseudo-

465 290 581 318 mant.
600 293 634 319 c.
653 293 714 331 57,
736 279 846 327 παρὰ
870 273 1044 315 τοσοῦτον
1069 273 1179 313 ἐλθὼν
1202 274 1410 321 ἀποθανεῖν,
1428 278 1604 329 postquam
1620 293 1744 329 parum

466 333 629 386 ahsiziffet
639 363 651 379 ,
676 332 755 384 quin
775 329 951 383 periiffi’m.
964 330 1176 367 VITRING.
1190 328 1313 380 Quod
1329 330 1428 369 Hor.
1441 330 1608 383 Vitring.
1626 331 1666 371 δι
1679 332 1745 371 hic

463 387 507 426 &
525 386 636 440 supra
652 399 733 438 cap.
749 398 798 423 20
820 385 858 422 in
877 381 1054 422 verfione
1067 382 1335 435 corrigendum
1356 384 1532 432 monuit,
1549 385 1585 424 id
1597 383 1746 426 Gesne-

466 455 552 489 rus,
568 441 680 480 etiam
699 451 777 477 non
796 436 874 477 visa
898 437 998 476 illius
1019 436 1370 485 animadverfione‚
1390 435 1525 490 sponte
1539 438 1749 492 praestitit;

464 508 583 547 quare
598 494 658 532 illa
673 492 879 545 Viti-ingae
894 492 1071 531 omittere
1084 489 1288 543 potuiffem
1302 506 1312 530 :
1326 502 1364 530 at
1375 504 1465 531 eum
1479 523 1490 541 ,
1506 491 1574 531 etsi
1589 493 1748 533 levioris

464 561 526 588 res
540 547 592 587 est
605 546 811 593 momenti,
826 545 890 585 sua
903 546 1012 585 laude
1027 544 1192 584 fraudari
1205 543 1261 584 fas
1285 557 1363 584 non
1380 556 1485 594 erat3
1499 558 1588 585 nam
1603 547 1642 586 δι
1659 547 1748 587 alibi

467 603 505 641 in
523 603 578 641 his
600 602 728 640 verbis
751 601 946 639 vertendis
965 611 1165 652 peccatum
1191 598 1238 637 ab
1263 599 1347 638 aliis
1367 598 1649 652 interpretibus.
1663 600 1752 642 Ob-

466 656 547 709 sop.
566 667 693 694 tamen
716 654 752 693 id
779 655 817 693 in
841 654 1015 693 Luciano
1040 665 1120 692 non
1140 652 1250 691 semel
1268 651 1369 693 reete
1387 654 1608 694 reddiderat.
1631 654 1678 694 Et
1696 654 1750 696 fic

467 710 567 751 bene
581 709 771 761 lungerm.
787 709 980 747 convertit
997 708 1121 758 Long.
1136 705 1230 746 Past.
1252 720 1273 744 2
1284 737 1298 753 ‚
1318 721 1353 760 p.
1375 707 1439 755 62,
1453 709 1562 759 παρὰ
1574 708 1750 749 τοσοῦτον

468 756 553 803 iffae&
569 761 703 809 κακοῦ,
718 778 841 816 parurn
855 760 969 813 abfuit
987 762 1066 814 quin
1080 761 1154 800 &c.
1174 760 1282 800 Adde
1305 760 1488 801 Nostrum
1502 762 1651 816 Catapl.
1673 776 1708 804 c.
1723 776 1751 813 4

471 817 498 856 f.
520 818 627 869 παρὰ
641 815 815 856 τοσοῦτον
831 809 910 857 ἦλθε
930 814 1160 868 ἓιαφυγεῖν,
1174 815 1347 854 tantillum
1363 817 1500 863 aberat,
1514 817 1595 869 quin
1609 817 1751 872 effugis·

465 871 531 924 fit.
546 871 589 910 In
606 871 827 922 Thucydid.
841 882 971 909 tamen
988 870 1028 908 L.
1042 871 1075 909 V
1085 869 1102 909 I
1114 900 1126 916 ,
1140 881 1173 908 c.
1187 882 1253 921 37,
1267 865 1365 908 ὥστε
1377 871 1486 921 παρὰ.
1496 868 1669 910 τοσοῧτον
1682 886 1752 925 ’γι-

471 927 640 979 γνώσκω,
654 926 819 964 vertitur
833 954 843 969 ‚
863 926 1071 977 quamobrem
1091 925 1134 961 ab
1149 925 1213 962 ltac
1225 923 1382 976 opinione
1401 937 1460 975 ego
1471 927 1556 964 adeo
1568 924 1718 977 dlffkntio
1731 940 1751 974 ,⁶

470 980 577 1030 quod
599 979 640 1018 &
662 978 858 1019 Scholiast.
879 978 928 1018 sic
949 978 1135 1031 exponit:
1159 975 1336 1016 τοσοῦτον
1354 976 1578 1031 ἓιαφέρεμαι
1597 978 1679 1021 τοῖς
1694 981 1751 1020 τέι

470 1031 579 1086 ἕτερα
593 1033 881 1087 διαγγέλλουσα
897 1034 974 1072 &c-
990 1044 1105 1084 quem
1123 1031 1224 1071 vide.
1241 1031 1387 1071 REsz.

526 1088 617 1140 Pag.
634 1087 722 1128 286.
737 1088 759 1125 l.
778 1101 791 1125 1
803 1101 836 1126 2.
851 1088 985 1125 Πολλὰ
999 1085 1178 1139 ἱκέτευον)
1190 1085 1282 1125 Vid.
1293 1086 1370 1126 Th.
1385 1086 1488 1139 Mag.
1505 1099 1547 1126 v.
1567 1086 1753 1139 Βούλομαι

470 1142 602 1182 eadem
618 1142 814 1182 citantem.
833 1141 992 1180 SOLAN.

529 1197 617 1249 Pag‘.
638 1195 724 1244 287.
737 1196 759 1234 l.
777 1210 808 1247 3.
824 1194 909 1246 Ἀφ’
922 1190 996 1247 ὧν)
1017 1193 1084 1233 i.e.
1101 1196 1188 1234 unde
1196 1209 1214 1242 ‚·
1228 1207 1300 1248 pro
1321 1207 1406 1248 quo
1423 1193 1462 1234 &
1483 1193 1543 1234 hic
1562 1194 1675 1241 dicas,
1693 1194 1755 1248 ἐφ’

474 1246 532 1290 izv.
549 1249 704 1289 Etiamfi
718 1249 805 1288 alibi
820 1249 898 1288 ἀπὸ
914 1248 950 1287 in
974 1247 1082 1287 simili
1107 1248 1309 1288 locutione
1329 1248 1447 1301 paulo
1463 1248 1575 1288 aliter
1597 1249 1751 1297 valeat,

473 1316 516 1344 ut
531 1317 590 1357 ap.
608 1304 803 1357 Aristoph.
818 1303 922 1342 Nub.
945 1303 1024 1353 766
1036 1334 1046 1350 ‚
1065 1303 1149 1355 (τὴν
1165 1299 1297 1356 ὕαλον)
1311 1302 1380 1353 ἀφ’
1399 1297 1443 1342 iis·
1461 1306 1505 1340 ’rb
1519 1301 1593 1356 πῦρ
1605 1301 1755 1344 ἅπτου-

473 1372 525 1399 σι·
541 1359 646 1412 quod
662 1357 774 1410 supra
786 1359 823 1396 in
841 1357 994 1409 Quom.
1008 1355 1154 1397 conscr.
1167 1356 1247 1396 hist.
1264 1357 1441 1397 vidimus.
1457 1356 1606 1398 REITZ.

529 1416 603 1452 ead.
617 1413 639 1450 I.
654 1426 691 1460 7.
705 1411 756 1462 T}
767 1410 825 1459 ὑφ’
835 1408 962 1465 ὑμῶν)
977 1411 1036 1451 Sic
1057 1410 1293 1451 scribendum
1305 1441 1319 1458 ,
1333 1423 1434 1458 non,
1451 1422 1493 1450 ut
1508 1412 1547 1450 in
1561 1411 1665 1451 libris
1677 1411 1731 1452 est
1741 1441 1756 1459 ‚

476 1464 684 1517 ἦμῶνΝἰά.
698 1479 730 1506 c.
743 1480 816 1515 473
832 1465 933 1505 unde
947 1465 1048 1505 clare
1064 1466 1201 1518 liquet,
1216 1464 1433 1519 oppositam
1450 1464 1603 1506 nostrae
1617 1475 1756 1515 terrae,

477 1533 557 1559 non
573 1521 622 1566 ei,
633 1533 749 1573 quam
766 1519 970 1566 incolebat,
984 1519 1051 1572 qui
1064 1519 1124 1560 hic
1136 1520 1324 1572 loquitur,
1338 1519 1665 1560 Rhadamanthus.
1676 1520 1757 1560 So·

479 1586 577 1614 LAN.
592 1575 783 1627 Loquitur
799 1573 1116 1613 Rhadamanthus
1130 1574 1168 1612 in
1184 1573 1304 1613 insula
1323 1574 1545 1620 beatorum,
1565 1574 1605 1613 δι
1620 1574 1757 1627 loqui-

477 1639 541 1668 tur
558 1642 647 1668 cum
663 1629 760 1668 vivo
781 1628 823 1667 δι
843 1628 889 1666 ad
905 1627 993 1667 suos
1016 1628 1189 1668 redituro
1204 1628 1401 1674 Luciano,
1417 1627 1459 1668 δι
1481 1629 1663 1682 praedicit
1683 1640 1755 1676 ea,
1790 1650 1798 1653 -
1826 1637 1827 1640 ’

479 1695 580 1735 quae
592 1684 630 1721 in
641 1680 724 1743 ipso
737 1681 814 1720 fine
826 1682 941 1721 huius
954 1682 1068 1721 libelli
1083 1682 1311 1730 indicantur,
1324 1694 1402 1721 non
1415 1681 1773 1723 enarranturwula

477 1737 520 1777 lo
543 1737 663 1776 modo
685 1737 804 1789 igitur
826 1734 917 1775 ferri
943 1736 1003 1776 hic
1027 1735 1151 1789 potest
1174 1734 1286 1786 ἡμῶν.
1311 1735 1455 1788 Quare
1474 1747 1614 1776 contra
1633 1737 1757 1777 libros

480 1803 617 1831 omnes
632 1801 749 1844 atque
763 1791 988 1844 interpretes
999 1821 1010 1837 ,
1030 1803 1130 1843 quos
1152 1791 1277 1830 norim
1290 1819 1301 1838 ,
1318 1789 1598 1831 rescribendum
1610 1821 1622 1838 ‚
1639 1804 1682 1832 ut
1696 1792 1756 1831 in-

478 1856 709 1898 terpretatus
722 1843 819 1893 sum,
833 1841 946 1896 ὑμῶν.
959 1845 996 1884 Si
1009 1857 1068 1884 res
1080 1845 1209 1884 verbis
1219 1855 1364 1898 egeret,
1379 1846 1419 1884 &
1432 1844 1597 1898 reliquas
1609 1858 1659 1885 ex
1679 1845 1756 1885 hoc

480 1899 612 1940 libello
634 1899 818 1952 loquend³
844 1899 1018 1939 rationes
1039 1898 1279 1948 conferrem,
1303 1899 1344 1938 δι
1373 1898 1564 1952 Scipionis
1585 1899 1758 1941 Africani

480 1954 637 1994 maioris
648 1967 737 1993 cum
753 1954 902 1993 minore
913 1951 1108 1993 sermones
1120 1966 1397 2007 compararem.
1415 1952 1544 1994 stx.

537 2010 610 2047 ead.
623 2008 648 2047 l.
666 2022 681 2047 1
695 2021 726 2046 1.
740 2008 940 2060 Μαλαχης
951 2006 1071 2061 ῥίζαν)
1081 2007 1238 2060 Dogma
1250 2006 1552 2060 Pythagoricum
1566 2007 1675 2054 ridet,
1685 2008 1756 2061 qui

483 2061 619 2103 folium
639 2061 792 2101 malvae
806 2061 1091 2102 sacratiffimum
1106 2062 1280 2101 habebat.
1298 2062 1448 2102 Aelian.
1464 2063 1558 2102 Var.
1573 2060 1759 2112 Hist.1v,

488 2131 551 2167 17,
566 2117 681 2168 ἔλεγε
694 2115 739 2156 Σὲ
751 2115 946 2168 ἱερώτατον
958 2111 1050 2156 εἶναι
1061 2119 1104 2155 τὶ
1116 2116 1183 2156 τῆς
1190 2115 1388 2170 μαλάχης
1400 2116 1555 2163 φύλλον.
1570 2115 1704 2156 Iambl.
1716 2128 1757 2156 n.

488 2184 576 2224 109.
592 2171 653 2210 Ad
667 2171 833 2210 Homeri
843 2170 961 2209 etiam
972 2170 1071 2220 μόλυ
1088 2169 1182 2223 (Οά.
1200 2175 1241 2217 Κ,
1259 2169 1366 2225 304.)
1380 2170 1524 2210 alludit.
1540 2169 1699 2210 SOLAN.

539 2225 618 2264 ibid.
631 2223 754 2273 Ταύτῃ
769 2223 952 2264 κελεύσας
964 2223 1067 2277 διε.)
1083 2224 1123 2264 ln
1139 2225 1321 2265 omnibus
1333 2225 1416 2265 edd.
1429 2224 1489 2266 hic
1501 2224 1611 2265 locus
1623 2224 1675 2263 ita
1689 2223 1758 2263 ad-

486 2278 565 2319 huc
584 2279 801 2331 legebatur:
826 2278 934 2331 ἕὸρεξέ
950 2294 1010 2328 μοι
1030 2278 1187 2327 ταύτην,
1208 2279 1390 2319 κελεύσας
1409 2277 1443 2318 ἓν
1460 2278 1540 2318 τοῖς
1553 2280 1759 2332 μεγίστοις

488 2331 667 2372 κινδύνοις
678 2331 801 2383 ταύτῃ
814 2332 1118 2385 προσεύχεσθαι.
1132 2332 1203 2373 Sed
1215 2333 1301 2386 quis
1312 2345 1393 2373 non
1406 2331 1622 2372 offendatur
1633 2333 1672 2370 in
1683 2332 1758 2372 ele·

485 2386 702 2441 gantiffimo
727 2385 913 2442 scriptore
941 2387 1174 2428 inconcinna
1197 2388 1426 2442 repetitione
1449 2387 1516 2428 ina
1534 2386 1682 2429 ταύτην
1703 2406 1752 2418 -
