1768 3185
127 159 196 205 IN
213 155 558 230 QUOMODO
579 153 739 200 HIST.
758 153 858 199 SIT
877 153 1142 201 CONSCR.
1209 174 1298 221 473

32 259 171 288 rorum
185 246 398 290 illustrium,
411 245 452 285 δι
464 244 652 298 temporis
667 243 822 283 iniurias
835 243 871 282 in
883 243 1012 283 literas
1025 244 1066 283 ἃ
1080 257 1306 285 monumen-

35 311 76 340 ta
98 300 288 341 historica.
309 300 408 340 Ecce
431 311 479 338 ex
502 309 612 337 tanto
635 297 901 337 historicorum
926 310 1111 344 numero,
1136 312 1308 351 quorum

37 355 318 395 multitudinem
339 350 574 407 perstringit,
598 351 639 391 δε
661 350 826 403 satyrice
848 352 977 390 irridet
1000 351 1207 398 Ludanus,
1223 355 1309 404 quis

38 407 162 460 usque
173 407 220 447 ad
232 420 304 447 nos
314 407 488 446 duravit?
509 408 629 445 immo
640 406 750 445 cuius
764 417 903 444 nomen
918 415 1066 444 tanturn
1081 417 1219 445 notum
1233 405 1309 445 est?

37 461 77 502 Si
99 474 179 502 non
225 473 267 501 er
281 460 542 514 Capitolinum
565 457 689 504 soret,
709 460 777 511 qui
797 460 835 497 in
854 460 908 498 M.
928 459 1131 499 Antonino
1146 461 1184 498 &
1199 460 1311 499 Vero

37 515 166 556 ieiune
190 475 233 555 gt
255 514 471 554 breviffime
497 513 638 564 aliquid
659 514 704 551 de
731 514 774 552 iis
795 513 940 552 bellicis
963 513 1166 552 eventibus
1185 514 1312 566 mugi-

38 570 173 615 navit‚
187 568 350 608 omnino
372 569 635 621 ignoraremus
647 597 658 611 ,
682 566 727 605 de
741 579 823 619 quo
839 566 940 606 bello
958 567 1111 618 intelligi
1130 568 1310 607 deberent

36 623 132 663 haec
146 623 304 662 Luciani
314 624 446 661 verba.
464 619 600 660 Clades
613 621 728 672 igitur
739 633 782 659 ea
799 620 836 658 in
852 621 1037 659 Armenia
1050 633 1208 673 accepta
1225 620 1313 670 fuit,

38 677 195 730 quando
218 675 449 716 Severianus
477 675 634 713 natione
657 672 767 713 Celta
793 673 940 726 legatus
967 674 1005 713 δι
1037 675 1113 713 dux
1141 674 1312 714 Romani

38 731 233 772 exercitus
254 740 391 770 contra
409 728 562 769 Ost-oen
585 740 712 780 regem
735 726 887 776 miffus,
908 729 954 767 ab
980 727 1187 779 Othryade
1209 742 1313 781 quo-

41 784 130 824 dam
151 783 381 824 Parthorum
405 783 502 823 duce
523 781 650 822 caesus
675 780 750 827 est,
776 781 815 820 ἃ
831 783 964 835 copiae
986 782 1151 829 deletae,
1175 794 1218 822 ut
1241 796 1314 822 nos

40 838 154 880 docet
165 837 355 878 Lucianus
370 837 430 876 hic
446 837 487 876 δι
504 835 616 888 supra
631 835 668 874 in
686 834 962 874 Pseudomanti.
979 836 1200 876 Continuae
1212 850 1313 876 vero

39 892 248 939 vifioriae,
262 891 308 931 de
329 890 471 944 quibus
492 889 554 929 hic
573 889 744 942 loquitur
765 888 917 936 Noster,
940 890 1097 941 intelligi
1119 890 1255 929 debent
1268 891 1314 929 de

36 945 146 989 hello
158 945 348 992 Parthico,
365 945 471 998 quod
485 942 680 996 postillam
696 943 732 981 in
747 942 928 982 Armenia
942 944 1085 983 cladem
1100 942 1246 996 gestum
1261 944 1316 984 est

40 1012 110 1052 per
125 999 417 1052 quadriennium
431 1027 441 1045 ,
463 997 622 1037 ducibus
641 996 762 1036 Statio
776 995 901 1036 Prisco
915 1027 924 1040 ,
945 998 1092 1036 Avidio
1106 997 1234 1037 caffio
1246 1028 1257 1046 ,
1273 998 1315 1038 δι

42 1053 191 1094 Martio
203 1054 313 1093 Vero
323 1083 337 1099 ,
356 1053 426 1105 qui
439 1051 600 1091 Parthos
612 1051 656 1089 ad
670 1051 873 1102 Europum
887 1051 1036 1091 Mediae
1048 1051 1180 1091 urbem
1196 1053 1315 1091 maxi-

42 1121 107 1147 ma
125 1107 230 1148 clade
252 1105 463 1147 affecerunt
475 1136 486 1154 ‚
509 1105 734 1145 Armeniam
752 1105 994 1145 vindicarunt
1006 1135 1016 1150 ,
1033 1106 1232 1145 Artaxatis
1251 1119 1316 1146 ca-

43 1162 130 1214 ptis,
145 1161 185 1202 81
200 1161 444 1213 Babylonem
466 1158 585 1211 usque
609 1170 870 1211 penetrarunt,
885 1171 927 1198 ut
947 1158 1120 1199 discimus
1139 1173 1187 1199 ex
1206 1159 1315 1200 dictis

43 1215 251 1269 Capitolini
267 1215 370 1255 locis.
387 1215 475 1253 Fuit-
495 1212 671 1267 profe&o
693 1212 845 1265 insignis
861 1226 905 1252 ea
927 1213 1138 1265 expeditio,
1156 1214 1192 1252 δι
1215 1227 1315 1266 quae

42 1269 185 1323 procul
202 1269 319 1309 dubio
334 1267 474 1308 famam
496 1267 732 1314 merebatur3
749 1267 808 1305 sed
825 1267 872 1305 ite
891 1266 1015 1306 famae
1035 1268 1136 1306 avidi
1153 1268 1317 1307 homun-

43 1324 143 1372 culi,
159 1325 198 1364 &
215 1333 412 1363 aeternum
428 1334 571 1362 nomen
587 1319 731 1372 sperate
744 1334 789 1359 ex
807 1319 1039 1360 facinoribus
1054 1320 1203 1368 vestris,
1217 1335 1318 1374 quo-

43 1390 132 1417 rum
154 1377 382 1417 memoriam
405 1389 526 1428 pauca
548 1374 671 1414 secula
697 1374 845 1425 penitus
866 1375 1042 1423 abolent,
1057 1388 1130 1415 nos
1149 1387 1251 1416 certe
1272 1385 1318 1415 ut

43 1431 251 1485 plurimum
267 1431 352 1484 plus
363 1443 477 1482 quam
492 1429 658 1468 Lethaea
671 1428 820 1468 oblivio
835 1441 973 1468 manet.
988 1429 1120 1467 PALM.

97 1486 177 1525 ibid.
190 1486 244 1525 Ἐν
257 1484 366 1538 ποσὶ)
379 1484 438 1524 Sic
453 1484 574 1535 Long.
588 1482 683 1522 Past.
700 1482 738 1521 L.
761 1497 781 1521 2
795 1512 805 1527 ,
817 1496 852 1535 p.
867 1484 919 1530 64
931 1483 988 1522 etl.
1001 1482 1192 1535 Iungerm.
1205 1483 1318 1523 cuius

43 1539 163 1580 diffio
178 1552 266 1580 cum
286 1538 430 1578 Nostro
453 1538 658 1591 plurimum
682 1535 882 1576 consentit.
901 1536 962 1576 Sic
978 1536 1088 1590 supra
1101 1567 1113 1585 ‚
1135 1537 1280 1590 Nigrin.
1300 1537 1317 1588 §

45 1607 84 1646 7.
101 1593 181 1634 Ubi
194 1595 270 1633 vid.
286 1593 500 1645 Interprett.
517 1591 659 1631 RmTz.

99 1647 233 1687 ibid.‹‘0
246 1647 428 1739 πόλεμοὲἒ
449 1647 574 1685 Huius
598 1644 685 1684 belli
705 1643 852 1684 initium
881 1643 1051 1684 statuunt
1073 1643 1319 1697 Chronologi

45 1700 166 1742 nostri
181 1714 283 1741 anno
295 1699 386 1740 Chri
422 1699 569 1740 iCLXI
579 1729 592 1745 ,
606 1698 720 1738 finem
736 1697 912 1738 CLXIV.
926 1699 1039 1738 Unde
1056 1698 1130 1737 iam
1144 1710 1260 1751 patet,
1276 1699 1318 1738 δι

45 1758 86 1797 in
108 1755 350 1809 sequentibus
370 1755 508 1794 clarius
525 1753 689 1807 patebit,
715 1765 796 1805 quo
815 1763 989 1806 tempore
1005 1751 1195 1792 Lucianus
1212 1753 1318 1792 hunc

47 1810 198 1852 foetum
213 1809 381 1849 ediderit.

103 1862 310 1904 Historiam
323 1863 379 1902 M.
392 1861 539 1902 Aurelii
553 1874 574 1900 a
592 1859 866 1913 sapientissimis
884 1860 977 1899 viris
999 1857 1172 1912 scriptam
1187 1859 1294 1899 fuisse
1305 1889 1321 1907 ‚

47 1917 203 1958 testatur
217 1917 488 1962 Herodianus,
505 1915 577 1954 ὅσοι
594 1915 660 1965 μὲν
679 1910 737 1953 οὖν
757 1915 877 1962 ἐκείνῳ
900 1916 1213 1966 πέπρακται-
1224 1925 1321 1952 πολ-

47 1972 128 2013 λοῖς
153 1970 216 2010 καὶ
237 1969 359 2019 σοφοῖς
379 1968 545 2022 ἀνδράσι
565 1969 892 2022 συγγέγραπται.
913 1968 984 2008 Sed
1007 1979 1073 2006 aut
1089 1967 1320 2020 posteriores

46 2027 252 2080 scriptores
263 2025 413 2072 indicat,
429 2034 494 2062 aut
507 2035 528 2061 a
544 2022 697 2062 Luciani
713 2022 855 2062 iudicio
868 2022 1034 2061 immane
1047 2034 1233 2074 quantum
1247 2021 1319 2060 dis-

48 2092 180 2134 crepat
193 2109 204 2126 ,
220 2080 326 2132 quod
347 2090 472 2118 tamen
487 2076 600 2116 huius
612 2075 726 2115 libelli
740 2075 852 2115 leffio
867 2076 1075 2129 posteritati
1089 2074 1208 2129 usque
1221 2076 1321 2115 adeo

47 2133 335 2176 commendavit
347 2163 356 2178 ,
374 2144 416 2172 ut
428 2131 590 2171 eximius
601 2130 776 2169 historiae
797 2130 958 2182 scriptor
971 2129 1160 2169 Thuanus
1171 2130 1319 2181 regulas

48 2187 271 2229 condendae
284 2186 462 2226 historiae
476 2198 523 2224 ex
544 2197 594 2224 eo
616 2184 821 2237 praecipue
836 2183 876 2223 &
899 2184 1046 2235 petierit
1059 2184 1098 2222 δι
1122 2181 1241 2222 fronti
1265 2184 1323 2221 hi-

50 2243 189 2283 storiae
208 2239 296 2281 suae
311 2239 468 2281 adscribi
487 2239 693 2278 curaverit.
713 2239 769 2277 M.
793 2238 946 2277 Aurelii
967 2240 1087 2276 vitam
1103 2237 1322 2276 Theodori-

49 2309 120 2336 cus
148 2295 363 2348 Bignonius
394 2292 547 2344 scripsit.
568 2291 778 2332 Commodi
801 2291 956 2344 parabat
988 2291 1123 2331 Claud.
1148 2289 1323 2330 Nicafius

49 2363 139 2391 cum
152 2349 300 2403 Sponio
313 2349 352 2388 δι
364 2347 563 2388 Toinardo
578 2346 851 2386 Aurelianenfi.
868 2345 1024 2385 SOLAN.

109 2404 196 2458 Pag.
214 2404 298 2444 161.
310 2404 332 2441 l.
350 2416 381 2441 1.
396 2403 448 2441 Ἐν
460 2401 629 2453 Ἀρμενίᾳ
641 2400 720 2453 τρ.)
737 2400 823 2439 Vid.
839 2399 960 2439 Dion.
976 2398 1076 2438 Cass.
1089 2411 1151 2447 71.
1169 2397 1324 2451 Elegeia

54 2468 198 2532 noyten
209 2457 305 2507 loci,
316 2457 382 2499 ubi
392 2456 520 2498 clades
535 2455 597 2496 illa
608 2464 774 2509 accepta.
788 2454 896 2495 Nott.
913 2467 949 2508 p.
963 2466 1026 2504 40.
1040 2453 1197 2496 SOLAN.

100 2533 108 2554 l

137 2679 165 2798 i·

136 2806 144 2813 .
170 2808 173 2814 .

119 2833 123 2840 1
146 2814 182 2847 ⁴57
