1768 3185
152 178 221 224 IN
241 175 587 247 QUOMODO
605 173 766 221 HisT.
787 146 886 219 s‘1T
903 172 1167 220 CONSCR.
1234 174 1329 238 489

112 269 187 306 ead.
200 267 224 305 L
243 280 280 318 9.
292 263 698 318 Πάσῃ)1)ὶίὶίηᾶἰοηε
712 263 884 303 iuvimus
899 263 1000 303 hunc
1011 263 1139 302 locum
1157 263 1196 302 δι
1213 264 1330 303 inter-

58 321 287 373 pretatione.
301 319 673 372 lungebantin09122
689 320 815 366 πάσῃ,
828 318 867 356 δι
881 317 1227 369 interpretabantur
1240 319 1332 356 omni

58 375 238 427 historiae.-
259 373 310 414 sic
340 373 568 413 laborabant
589 372 796 425 sequentia.
819 371 946 411 Nobis
967 373 1073 419 πάσῃ
1097 370 1149 410 est
1171 372 1332 410 aoristus

57 429 206 479 primus
219 440 267 467 ex
281 428 426 468 πίω-σω
439 427 502 467 vel
515 428 673 472 τάττω,
685 426 791 479 quod
808 426 854 465 de
867 425 1065 466 coloribus
1075 423 1116 464 δε
1127 424 1332 478 pigmentis

57 480 229 534 usurpari
245 492 382 521 notum
397 481 602 522 est.G1-:sN.
1298 525 1315 536 λ

113 536 194 574 ibid.
206 536 264 574 Τὰ
273 535 404 590 ἄλλα)
419 536 493 574 Hic
506 534 647 587 aliquid
661 532 899 573 desideratur.
917 533 980 572 An
996 531 1051 581 μὴ
1073 532 1335 584 παραλείποι,

58 588 124 628 vel
140 586 552 641 παραλὴψῃῢυῖετ.
564 587 685 628 Ηεὲὶε
696 588 792 626 vidit
813 586 962 638 Guyet.
985 587 1127 639 aliquid
1149 585 1334 626 desidera·

58 643 93 682 ri
110 643 147 682 in
170 642 352 695 vulgata,
373 656 473 696 quae
487 641 653 690 erata-1]
673 642 815 692 ἱστορίᾳ
829 643 1023 688 ordeo-ast&
1039 640 1146 679 ἄλλα
1165 641 1238 680 &e
1253 640 1334 681 sine

59 695 241 750 sequente
253 697 398 743 verbo,
414 697 522 750 quod
543 697 590 736 ad
605 697 712 734 ἄλλοι
733 694 934 743 referatur,
950 695 989 734 δι
1010 694 1088 733 sine
1104 695 1183 734 ullo
1203 693 1333 734 sensu:

58 749 121 789 sed
136 761 283 790 mutata
296 764 320 790 a
332 749 508 791 Gesnero
525 749 717 789 distinffio
741 749 834 788 mihi
855 749 988 789 omnia
1004 746 1136 788 sanare
1155 749 1335 798 videtur3

57 816 178 858 quare
191 804 292 844 illam
306 804 427 844 laetus
441 803 663 857 amplector.
678 803 824 842 Rzrrz.

113 859 224 898 ead.l.
240 871 300 898 10.
312 857 383 898 Τοῦ
398 857 543 912 λόγου)
557 857 644 897 Post
660 858 757 896 hanc
773 868 913 896 vocem
930 856 1072 895 excidit
1087 856 1252 896 verbum
1263 887 1274 901 ‚
1290 856 1336 895 si-

61 924 111 952 ne
123 925 205 965 quo
220 912 316 952 stare
334 911 516 952 sententia
535 924 616 951 non
638 910 773 965 potest.
796 910 1008 962 Quodnam
1026 922 1154 949 autem
1170 911 1334 950 verbum

58 966 257 1014 exciderit,
272 965 359 1020 quis
373 965 452 1006 fine
465 965 552 1006 Mss.
568 979 642 1017 ope
655 964 866 1004 divinabit?
882 964 1060 1004 Vorstius
1077 965 1233 1004 coniicit
1243 994 1254 1011 ‚
1274 977 1336 1003 an-

60 1031 99 1060 te
113 1022 166 1059 τὰ
182 1020 290 1060 ἄλλα.
311 1021 575 1073 reponendum
593 1021 672 1058 ἐστὶ
696 1019 781 1063 καὶ,
805 1018 868 1057 vel
885 1018 1002 1057 simile
1025 1019 1127 1070 quid.
1147 1018 1190 1057 In
1204 1020 1274 1058 W.
1290 1019 1335 1058 δε

59 1074 118 1113 ed.
131 1074 186 1114 fl.
200 1073 301 1115 deest
317 1076 443 1125 πάσῃ,
456 1073 628 1126 agnoscit
646 1073 685 1112 P.
701 1073 803 1123 (Hic
816 1072 957 1124 aliquid
973 1071 1094 1118 deest,
1111 1073 1204 1112 huic
1217 1071 1336 1112 simile

61 1129 170 1167 ἀλλα.
186 1128 457 1183 μεμίχθωσαν,
473 1128 501 1167 ἃ
523 1127 587 1168 σὺν
603 1128 677 1168 &e
700 1126 873 1179 Longol.)
889 1126 974 1180 Ego
991 1140 1061 1180 pro
1076 1127 1182 1175 πάσῃ
1204 1129 1257 1166 τὰ
1279 1127 1336 1169 le-

60 1182 228 1235 gendum
241 1182 378 1223 censeo
395 1182 648 1226 ἐπιταττέτω
661 1183 713 1219 τὺ.
723 1211 734 1228 ‚
750 1193 794 1220 ut
809 1181 921 1226 ἀναβ.
934 1194 965 1220 c.
982 1196 1042 1221 22.
1056 1181 1216 1220 SOLAN.

114 1239 189 1276 ead.
203 1238 229 1276 l.
245 1231 514 1290 13.”Ενει·)ιχος
530 1258 575 1266 -
589 1234 736 1288 πρώην)
757 1235 812 1274 Ex
835 1235 910 1274 hoc
926 1235 1018 1275 loco
1038 1234 1214 1274 discimus
1226 1265 1236 1281 ‚
1251 1248 1336 1288 quo

59 1291 214 1331 tandem
228 1301 404 1344 tempore
419 1291 578 1344 patriam
595 1289 678 1342 post
693 1290 832 1341 primas
847 1290 1172 1342 peregrinationes
1190 1289 1337 1330 revise-

61 1345 110 1386 rit
126 1344 333 1385 Lucianus.
351 1345 488 1398 Neque
510 1345 610 1384 enim
635 1344 794 1382 dubium
810 1344 883 1390 est,
905 1344 1000 1396 quin
1015 1343 1060 1382 de
1082 1344 1202 1382 reditu
1219 1345 1255 1382 in
1272 1357 1336 1396 pa-

61 1399 173 1438 triam
189 1399 249 1438 hic
263 1398 372 1439 Iocus
387 1397 432 1438 sit
445 1398 715 1451 intelligendus
726 1426 737 1444 ‚
752 1397 797 1436 de
812 1410 894 1450 quo
910 1399 947 1436 in
963 1397 1122 1437 Somnio
1134 1409 1167 1436 c.
1184 1411 1207 1449 9
1219 1427 1233 1443 ,
1248 1397 1336 1450 post

59 1464 282 1506 peragratas
299 1453 445 1492 Italiam
460 1452 500 1492 δι
515 1451 699 1498 Galliam3
715 1464 803 1492 cum
825 1464 873 1491 ex
894 1450 1044 1504 Peregr.
1061 1463 1186 1491 morte
1208 1463 1336 1503 pateat

61 1519 146 1560 cap.
161 1521 224 1561 35,
244 1506 332 1547 satis
346 1505 453 1547 fuiffe
465 1508 498 1546 ei
512 1507 697 1560 temporis
709 1506 754 1544 ad
770 1517 973 1558 utramque
988 1504 1199 1552 visendam,
1223 1506 1264 1544 &
1284 1518 1336 1546 ex

60 1561 222 1601 Somnio
237 1574 270 1601 c.
283 1575 307 1614 9
318 1590 330 1609 ‚
344 1572 492 1614 patrem
508 1561 558 1600 ibi
571 1559 741 1600 habuiffe
753 1560 926 1607 obviam,
943 1559 1102 1600 constet.
1116 1560 1232 1599 Certe
1248 1561 1334 1600 hinc

60 1614 101 1654 in
115 1615 224 1656 Ionia
245 1615 351 1656 circa
365 1628 507 1655 annum
523 1614 661 1655 Christi
679 1613 839 1654 CLXIII
860 1612 985 1660 fuisse,
1003 1614 1150 1665 liquido
1166 1613 1334 1654 constat:

59 1682 142 1721 quo
155 1680 331 1723 tempore
342 1670 418 1708 iam
431 1681 555 1709 annos
569 1669 614 1708 ad
631 1668 833 1707 minimum
845 1668 918 1707 XII
933 1666 1095 1708 abfuiffe
1109 1682 1130 1707 a
1149 1669 1273 1721 patria
1286 1681 1336 1708 ex

62 1727 148 1776 Περ.
165 1736 251 1777 cap.
267 1738 329 1777 35,
341 1736 430 1763 cum
447 1735 583 1777 quater
596 1722 785 1775 Olympia
802 1721 947 1763 vidiffet
959 1752 970 1768 ,
983 1733 1128 1763 certum
1143 1721 1207 1763 est.
1222 1723 1336 1763 Unde

61 1777 239 1831 proclive
251 1777 302 1818 est
318 1778 503 1824 iudicare,
522 1790 621 1831 quae
637 1777 681 1816 de
694 1775 758 1816 sua
771 1777 851 1814 vita
867 1776 904 1814 in
917 1776 1079 1816 Somnio
1093 1777 1228 1820 habet,
1243 1789 1339 1815 con-

63 1830 262 1879 fider-anti,
281 1831 438 1885 patriam
455 1843 548 1871 tunc
563 1832 731 1884 primum
746 1828 921 1869 revisisse.
941 1830 1064 1882 Quod
1076 1830 1138 1870 hic
1150 1830 1195 1870 ad
1211 1829 1338 1870 Chro-

60 1886 259 1938 nologiam
290 1885 521 1926 Lucianeam
547 1885 705 1924 feliciter
729 1883 990 1924 adstruendam
1021 1883 1060 1924 su
1067 1884 1335 1925 bsternendum

60 1937 146 1980 fuit.
160 1938 413 1980 observanda
435 1951 562 1980 autem
584 1939 644 1979 hic
660 1937 713 1978 est
731 1939 790 1977 vis
815 1938 922 1977 verbi
943 1937 1130 1991 ἔναγχος,
1147 1938 1255 1990 quod
1275 1951 1336 1977 re-

63 1995 212 2034 centius
231 1993 320 2047 quid
345 2004 477 2042 notat,
501 2006 616 2046 quam
634 1992 740 2045 quod
765 2005 857 2031 mox
882 1991 1066 2046 sequitur,
1083 1993 1212 2043 πρώην.
1233 1991 1335 2032 Rem

63 2049 184 2088 unico
198 2047 378 2101 exemplo
399 2047 611 2087 illustrabo.
627 2046 671 2085 In
690 2047 859 2098 Ἀπ-εκηρ.
874 2058 908 2087 c.
933 2061 954 2085 2
967 2076 980 2092 ,
995 2046 1104 2099 quod
1123 2046 1225 2099 apud
1239 2047 1337 2086 iudi-

64 2114 130 2141 ces
144 2114 168 2141 ει
189 2101 226 2144 se
245 2103 368 2154 πρώην
390 2100 533 2141 saelum
555 2114 633 2140 rem
651 2100 868 2152 simpliciter
883 2113 1039 2139 narrans
1059 2100 1227 2148 dixerat3
1242 2113 1334 2140 cum

64 2156 198 2196 deinde
210 2156 259 2195 ad
272 2165 498 2208 argumenta
517 2165 679 2195 ventum
695 2154 767 2200 est,
790 2166 831 2194 ut
849 2155 998 2207 pondus
1014 2155 1067 2194 rei
1089 2155 1218 2202 addat,
1240 2155 1335 2193 dum

64 2211 249 2263 nuperrime
261 2209 403 2250 sacrum
418 2208 493 2250 effe
505 2210 551 2249 ad
564 2209 714 2249 causam
732 2207 858 2249 facere
874 2209 1037 2256 videtur,
1052 2221 1130 2249 non
1147 2209 1219 2248 iam
1233 2221 1335 2248 voce

65 2265 200 2316 πρώην,
221 2274 264 2304 ut
280 2265 406 2317 prius,
427 2264 516 2303 dum
532 2264 623 2302 nihil
643 2264 716 2303 tale
736 2263 932 2316 agebatur,
955 2261 1016 2302 sed
1031 2275 1132 2302 voce
1149 2263 1336 2315 {1102734025

63 2319 187 2358 utitur
206 2330 240 2358 c.
260 2332 323 2368 13,
343 2319 452 2358 cuius
470 2318 550 2356 vim
571 2330 663 2357 mox
683 2317 816 2369 paucis
838 2316 1046 2356 interieffis
1058 2315 1217 2368 sequens
1233 2312 1336 2356 εὐθὺς

64 2385 148 2413 eam
167 2370 262 2420 effe,
284 2385 403 2424 quam
417 2372 634 2418 contendo,
656 2370 743 2410 satis
762 2370 935 2410 ostendit.
952 2371 1065 2410 Unde
1086 2371 1158 2410 iam
1183 2369 1335 2410 evicisse

67 2426 161 2466 mihi
179 2425 268 2466 satis
286 2425 504 2481 luculenter
519 2426 671 2472 videor,
687 2426 851 2465 reditum
866 2425 1028 2464 Luciani
1042 2424 1079 2463 in
1096 2424 1256 2476 patriam
1269 2423 1336 2463 ssa·

65 2490 200 2534 grante
215 2493 266 2522 eo
279 2480 382 2521 bello
396 2478 564 2536 accidisse
575 2510 587 2527 ‚
606 2492 693 2520 cum
709 2480 746 2519 in
760 2478 924 2521 Graecia
939 2479 1014 2518 iam
1027 2478 1209 2519 eiusmodi
1224 2476 1335 2519 histo-
