1768 3185
125 237 196 286 IN
217 236 559 309 QUOMODO
578 235 739 285 HIST.
760 236 860 286 SIT
880 236 1141 288 CONSCR.
1215 255 1306 310 525

96 331 173 368 ead.
194 329 219 368 I.
237 343 272 381 3.
293 326 541 381 Ἐπιπολαῖς)
559 328 611 367 V.
625 328 807 381 Thucyd.
822 327 846 366 l.
860 339 893 367 c.
914 327 1072 368 SOLAN.

50 422 53 425 ,
98 384 173 422 ead.
187 383 212 422 l.
228 382 265 421 8.
283 381 458 435 Πρώτων)
479 381 562 421 Cur
577 381 740 422 Solanus
758 382 810 420 nil
831 381 1052 422 variationis
1072 383 1111 422 in
1126 384 1196 425 hac
1213 399 1318 427 voce

42 434 258 483 inveniens,
270 446 550 488 tamen·operae
562 436 710 475 duxerit
719 448 802 475 eam
816 446 964 483 notare,
981 449 1060 476 non
1075 440 1237 491 reperio.
1250 442 1317 480 An

45 489 239 529 dubitavit
252 489 298 528 de
309 489 443 542 plurali
457 502 638 536 numero,
654 490 743 542 quia
754 489 864 529 ἐλπὶς
880 490 916 528 in
931 489 1011 529 aliis
1023 491 1159 544 linguis
1173 494 1238 536 vix
1253 495 1318 532 ha-

41 542 111 584 bet
123 543 332 597 pluralem?
344 543 436 582 Non
450 543 567 582 credo
581 543 681 583 hanc
691 543 764 582 effe
777 542 927 582 causam
938 558 946 581 :
959 557 1083 596 neque
1096 547 1197 586 enim
1212 548 1320 599 igno-

43 609 131 636 rare
146 597 284 649 potuit,
299 597 336 636 id
349 596 507 637 Graecis
519 597 642 637 multo
663 597 737 637 effe
750 595 986 645 familiarius,
1000 612 1115 650 quam
1132 600 1195 639 vel
1206 600 1333 641 Cice-¹

43 651 158 698 roni,
181 652 248 703 qui
259 665 349 689 meas
354 650 451 702 spes,
472 650 607 703 plurali
627 663 731 690 num.
753 662 911 703 quoque
926 651 1051 691 dicere
1064 664 1175 692 amat.
1203 653 1252 693 Et
1265 655 1318 694 sle

45 703 240 744 Lucianus
260 714 338 744 tam
362 703 497 757 saepe,
521 716 564 744 ut
589 703 667 743 fere
689 705 887 744 annotafle
909 706 1059 757 pudeat.
1083 708 1174 747 Vid.
1190 718 1318 748 tamen

44 771 144 797 mox
161 771 243 812 cap.
259 759 322 798 61.
341 758 399 797 lta
413 771 572 811 quoque
586 757 705 797 Diod.
729 757 800 798 Sic.
816 756 857 796 ιθ.
876 772 912 811 p.
929 773 1003 811 297
1025 760 1083 799 ed.
1099 761 1182 801 Bas.
1202 777 1325 813 προσ-

45 811 179 852 sonim
192 811 357 852 {misem
373 812 540 865 ἀγαθῶν,
556 814 597 852 &
613 813 693 851 ead.
703 825 784 865 pag.
803 812 956 851 iterum.
973 814 1029 852 lta
1041 814 1079 852 δι
1091 814 1212 869 Long.
1222 815 1319 856 Past.

46 863 125 911 111,
140 879 176 918 p.
187 879 252 918 99,
265 867 354 918 παρ’
366 865 546 905 {amsans-
559 878 604 905 ac
617 879 696 905 non
711 865 824 905 semel
842 866 940 905 alibi.
958 866 1103 906 Rmz.

101 919 182 958 ibid.
194 919 436 964 Ἀλκιβιέιὸου
456 920 576 972 emt.)
601 919 665 959 De
685 919 747 973 spe
761 920 969 959 Alcibiadis
983 921 1256 973 Thucydides,
1276 925 1319 976 (e

48 973 158 1013 cuius
170 973 268 1013 libro
288 972 448 1027 septimo
467 973 612 1025 reliqua
626 974 741 1013 huius
760 974 835 1013 loci
848 974 1036 1027 explicare
1057 974 1165 1016 facile
1183 976 1319 1031 fuerit)

48 1027 125 1074 vl,
143 1041 205 1080 15,
226 1028 381 1079 ἐλπίζων
399 1030 574 1067 Σικελίαν
586 1042 629 1067 τε
642 1028 707 1079 καὶ
723 1027 950 1080 Καρχνιὲόνοι
966 1028 1176 1079 Midea-Bar.
1197 1030 1320 1071 Dein-

0 1106 2 1108 *
46 1081 97 1121 de
111 1081 179 1121 sub
192 1081 354 1134 persona
369 1081 586 1128 Alcibiadis,
602 1083 804 1135 quomodo
817 1081 900 1121 fieri
918 1082 996 1122 hoc
1012 1083 1138 1136 poffit,
1153 1086 1322 1138 explicat

48 1147 87 1176 c.
104 1149 150 1186 17
163 1136 204 1176 &
218 1135 279 1183 18,
303 1135 344 1175 δι
356 1135 565 1185 concludit,
581 1137 599 1175 ii
613 1135 680 1177 τῆς
693 1134 974 1184 ‘Emesa-,⁶15⁹
986 1136 1322 1192 ἑκεῖπροσγενομὲ.

49 1203 116 1232 νων
129 1189 257 1230 πάσης
270 1188 323 1238 τῷ
335 1190 448 1229 εἰκότι
460 1189 632 1241 ἀρξομεν,
654 1190 673 1229 ἦ
687 1191 901 1239 κακώσομέν
913 1205 963 1243 ’γε
976 1193 1263 1243 Σαρακσυσίους.
1277 1193 1322 1234 In

49 1241 139 1297 ipso
150 1254 279 1283 autem
290 1243 377 1282 libri
394 1244 503 1283 initio
516 1244 695 1283 vanitatis
711 1244 811 1283 illam
825 1244 926 1296 spem
942 1245 1099 1285 accurat.
1117 1246 1246 1287 stu.

108 1299 181 1336 ead.
196 1298 221 1336 l.
249 1311 306 1336 12.
320 1296 580 1350 Ἀρταξέρξην)
601 1298 806 1338 Testantur
819 1298 986 1337 Hebraei
1001 1298 1224 1352 scriptores,
1243 1315 1320 1342 no-

50 1363 142 1390 men
157 1351 234 1391 hoc
253 1350 451 1391 Persarum
469 1352 623 1404 regibus
638 1365 848 1391 commune
862 1351 987 1401 fuisse,
1003 1354 1158 1406 perinde
1169 1368 1213 1395 ac
1225 1355 1321 1397 Cae·

48 1401 140 1444 saris
163 1405 436 1445 Romanorum
458 1406 762 1459 imperatoribus.
787 1405 933 1445 coen.

105 1460 186 1498 ibid.
200 1459 363 1511 Ἰατρὸς.)
391 1461 532 1510 Ctefiam
556 1460 680 1513 tangit
693 1489 704 1506 ‚
725 1460 952 1499 Artaxerxis
966 1460 1189 1503 Mnemonis
1204 1463 1323 1503 medi-

49 1524 143 1553 cum
155 1543 165 1559 ,
177 1514 243 1566 qui
255 1512 430 1553 fabulosa
443 1513 561 1553 multa
574 1513 619 1552 δι
629 1514 841 1553 adulatoria
856 1513 1035 1554 historiae
1055 1516 1321 1567 admiscuerat,

51 1579 135 1620 quo
150 1566 217 1606 sibi
231 1580 361 1620 regem
376 1566 487 1606 suum
500 1568 734 1607 conciliaret.
759 1568 958 1608 Videndus
972 1581 1017 1608 ea
1036 1569 1083 1608 de
1104 1583 1146 1610 re
1163 1571 1261 1610 Plut.
1285 1573 1325 1611 in

52 1622 192 1661 Artax.
202 1622 243 1660 in
257 1622 377 1661 initio.
394 1621 533 1661 Libros
546 1633 672 1661 autem
690 1621 840 1661 Ctesiae
854 1621 1001 1674 periiffe
1014 1634 1151 1663 notum
1167 1625 1232 1665 est.
1255 1625 1326 1665 Su-

52 1674 212 1728 persunt
222 1687 374 1715 tantum
394 1675 626 1715 collefianea
641 1675 763 1715 Photii
778 1678 816 1715 in
829 1676 1078 1716 Bibliotheca.
1101 1677 1259 1718 SOLAN.

108 1731 182 1768 ead.
194 1730 219 1769 l.
236 1743 295 1783 13.
318 1729 487 1782 Ἐλπίζῃ)
512 1729 660 1781 Ἐλπίζῃ
675 1742 724 1769 ex
745 1732 816 1770 W.
829 1729 892 1769 est.
907 1730 948 1768 ln
961 1730 1044 1770 aliis
1053 1734 1153 1771 enim
1164 1734 1326 1785 ἐλπίζει,

52 1783 247 1823 mendose.
272 1783 431 1823 SOLAN.
1222 1822 1227 1826 ,

105 1837 186 1876 ibid.
201 1837 344 1876 Kdvsvv
358 1836 529 1890 πορφυρ.)
541 1837 594 1876 V.
617 1837 757 1891 Spanh.
778 1852 868 1890 455.
894 1837 1050 1877 SOI-AN.
1073 1838 1238 1878 Ctefiam
1262 1840 1326 1881 hic

53 1891 163 1944 tangi
175 1891 353 1931 credibile
362 1890 427 1931 est.
447 1890 511 1930 De
526 1895 657 1943 candye
667 1904 746 1931 non
761 1892 983 1937 diademate,
997 1892 1059 1931 sed
1071 1904 1175 1945 toga,
1187 1893 1328 1946 Spanh.

54 1944 103 1983 de
113 1943 183 1984 usu
199 1945 238 1983 δι
253 1944 384 1997 praest.
402 1958 507 1983 num.
521 1944 616 1984 Diff.
633 1945 671 1993 8,
689 1959 723 1997 p.
735 1959 825 1996 457.
849 1948 977 1998 Terque
992 1959 1070 1985 non
1082 1949 1170 1986 ulos
1184 1946 1328 1994 Persas,

55 1997 126 2037 nifi
136 1998 274 2051 quibus
286 2012 354 2039 rex
369 1999 487 2046 daret,
503 1998 651 2038 constat
661 2012 707 2038 ex
717 1999 896 2051 Xenoph.
910 2001 1060 2052 Cyrop.
1074 2000 1113 2047 8,
1129 2017 1165 2048 4.
1178 2002 1328 2052 Nisaeos

0 2084 2 2086 .
54 2065 161 2105 equos
179 2053 277 2092 inter
294 2065 354 2092 res
375 2052 557 2105 pretiosas
575 2065 778 2093 numerant
789 2052 920 2104 paffim
935 2054 1149 2108 scriptores.
1170 2055 1327 2095 Strabo-

55 2107 116 2146 nis
130 2106 211 2146 duo
231 2106 319 2146 loca
339 2107 466 2146 laudat
478 2105 695 2146 Casaubon.
710 2108 755 2146 ad
771 2107 913 2146 Athen.
931 2121 964 2158 5,
983 2123 999 2159 5
1016 2123 1027 2156 ;
1054 2109 1223 2160 itemque
1238 2109 1329 2148 illud

56 2159 302 2214 magnificum
316 2160 486 2213 Oppiani
499 2160 667 2213 elogium
689 2160 794 2212 Cyn.
821 2175 835 2199 ι
850 2192 860 2208 ,
885 2175 961 2213 3¹0
975 2162 1049 2214 seq.
1075 2164 1221 2201 Κάλλεϊ
1243 2163 1326 2203 δ’ἐν

55 2214 248 2254 πάντεσσι
262 2216 374 2254 πέλει
387 2215 670 2266 πανυπείροχος
681 2212 817 2263 ἵππος,
837 2230 871 2252 κ.
885 2230 922 2254 τ.
939 2228 975 2254 λ.
998 2216 1058 2255 Sic
1079 2217 1201 2255 utitur
1218 2216 1329 2256 lulia-

57 2279 135 2306 nus
148 2267 262 2307 Orat.
275 2283 310 2308 2.
338 2282 376 2321 p.
393 2281 439 2322 50
458 2279 554 2307 extr.
574 2267 670 2320 Lips.
685 2268 915 2309 Themistius
936 2268 1008 2308 Or.
1031 2284 1101 2317 22,
1127 2284 1161 2321 p.
1185 2272 1261 2310 266
1275 2270 1324 2309 A..

59 2319 167 2362 Fons
176 2334 302 2362 autem
320 2322 545 2362 Herodotus
565 2336 602 2375 3,
623 2324 720 2371 1063
743 2324 910 2375 itemque
923 2337 964 2374 7,
978 2337 1043 2373 40,
1058 2324 1123 2377 qui
1139 2323 1328 2377 posterior

60 2374 172 2417 locus
196 2375 249 2415 est
263 2375 444 2416 clafficus.
465 2376 595 2416 strc.

115 2433 188 2470 ead.
204 2431 230 2470 l.
246 2444 305 2478 14.
322 2425 453 2469 Ἵππον
473 2429 548 2469 τῶν
563 2429 750 2483 Νισαίων)
770 2429 904 2470 Nisaea
921 2430 1026 2482 regio
1041 2431 1096 2470 est
1117 2431 1330 2484 Partyenes

58 2480 162 2522 haud
204 2484 313 2524 rocul
323 2483 473 2537 Caspiis
488 2484 702 2523 montibus:
715 2497 760 2523 ea
772 2496 896 2537 equos
906 2483 1239 2537 praestantissimos
1251 2500 1330 2526 ma-

62 2536 170 2578 ximo
188 2551 265 2593 que
284 2537 402 2588 aluit,
422 2538 562 2591 quibus
582 2550 692 2592 reges
714 2536 784 2592 ipsl
809 2549 1022 2579 uterentur.
1045 2538 1171 2580 Strab.
1190 2540 1253 2582 lib.
1269 2555 1330 2581 u.
