1768 3185
271 150 362 196 IN
410 149 1101 200 TYRANNICIDAM.
1243 162 1332 208 601

62 237 183 279 fionis
195 237 356 284 habens,
370 247 415 277 ut
429 237 572 291 Aesop.
588 238 626 278 in
639 237 778 278 fabulis
794 238 973 294 persaepe
986 239 1097 289 solet,
1110 242 1232 283 veluti
1245 245 1275 283 F
1277 247 1338 288 ab.

67 305 94 348 ᾗ
89 293 114 332 6
123 305 237 348 ‚acum
250 290 467 332 Oraculum
483 293 653 345 maligno
666 293 905 346 exploratori
921 293 1137 347 respondet,
1150 297 1336 351 ὁπότερον,

64 348 94 384 ὦ
106 345 226 394 ούτος,
239 345 364 396 βούλῃ,
374 347 539 394 ποίησον,
552 346 593 386 δι
608 346 696 385 alibi
712 359 792 386 non
804 346 939 396 semel;
953 348 1018 388 vel
1032 362 1104 402 pro
1119 350 1211 390 heus
1223 362 1279 398 tu,
1295 366 1338 393 ut

59 411 122 452 ap.
135 398 333 452 Aristoph.
347 399 447 440 Ran.
463 413 535 450 ¹72
546 430 559 447 ‚
572 400 614 440 δι
632 399 745 440 Pluto
760 415 852 454 439.
862 403 1014 441 Verum
1031 403 1071 442 δι
1090 403 1128 442 in
1143 405 1336 446 mitiorem

62 463 210 506 partem
231 452 377 508 Aesop.
392 453 483 494 Fab.
503 466 567 501 25,
585 453 652 492 ubi
672 455 839 494 medicus
853 456 905 494 ait
918 455 1154 505 consulenti,
1174 452 1201 497 (ἶ
1217 453 1338 509 οὗτος,

29 557 34 559 μ
63 505 95 547 εἰ
108 506 295 558 wigen-3021
306 508 430 553 βούλει
443 537 454 555 ,
472 507 720 560 λαβὼνᾶρτον
733 530 778 538 -
792 508 936 548 {fison
949 509 1087 562 Quare
1098 523 1178 551 non
1189 512 1335 553 irascor

60 559 221 612 pristino
234 561 452 614 interpreti,
469 561 564 601 haec
574 562 697 601 verba
710 563 890 611 vertenti,
904 565 958 602 vir
967 566 1108 618 egregie;
1122 577 1193 606 nec
1203 577 1335 607 tamen

59 611 148 654 satis
159 615 297 668 probo.
306 616 359 655 V.
373 615 473 655 idem
488 627 572 668 cap.
591 629 605 654 1
614 615 650 654 6.
663 616 811 656 Rmrz.
1304 608 1312 625 ¹

115 671 190 708 ead.
205 668 228 707 l.
240 682 300 722 13.
311 671 388 708 Τὰς
399 669 465 709 ἐπὶ
477 668 549 708 τῶν
562 669 579 722 )
593 669 668 709 Pro
682 669 765 717 ἒπὶ,
780 671 870 723 lego
881 668 951 710 ἔτι.
961 671 1085 720 Vide,
1100 685 1150 711 an
1165 672 1217 713 fic
1228 673 1336 714 sane-

59 729 127 761 tur
145 721 266 763 locus.
278 723 380 762 Nam
398 724 508 776 quod
521 722 688 763 ἒλπίΣας
700 724 840 775 χρόνων
853 725 1065 774 μελλόντων
1079 739 1151 779 pro
1170 728 1335 779 metufit-

58 775 130 814 tun'
142 775 316 824 sumitur,
333 789 382 816 ne
393 787 432 817 te
446 788 634 818 moretur.
653 777 826 817 Habuisti
839 779 939 817 enim
955 780 1027 817 iam
1051 780 1089 818 in
1106 783 1335 833 praeceden-

59 829 183 878 tibus,
199 842 283 883 cap.
299 845 334 884 3,
346 829 414 870 τοῖς
425 831 499 871 τῶν
509 831 724 882 μελλόντων
737 831 860 880 κακῶν
874 831 1042 872 {misor
1055 833 1095 872 &
1106 847 1187 885 cap.
1202 848 1215 872 1
1228 848 1242 873 1
1252 867 1263 884 ‚
1274 836 1333 874 ἐλ-

58 882 128 923 πὶς
147 882 214 923 τοῦ
235 883 362 935 φόβου.
382 884 446 925 Sic
466 887 580 925 etiam
595 885 796 937 Chrysost.
811 899 902 938 253,
918 900 952 935 ι,
974 887 1022 925 ad
1035 886 1126 939 Pop.
1144 889 1332 929 Antioch.

55 935 250 978 Omnium
264 938 430 978 maxima
443 939 646 979 difficultas
656 952 705 978 ex
716 938 963 992 sequentibus
975 941 1115 988 oritur,
1128 941 1188 982 ἐπ’
1201 942 1240 982 ἐι.
1254 942 1281 982 ἒ.
1295 957 1330 982 τ.

57 1005 99 1031 c.
116 1005 198 1043 quo
209 993 312 1032 enim
327 991 539 1033 referantur
553 1005 635 1033 non
645 993 800 1034 habent.
811 993 968 1033 SOLAN.
1391 995 1394 997 ’

111 1045 193 1085 ibid.
206 1045 415 1100 Ἐλπίὲοις)
429 1046 548 1088 Conf.
567 1060 668 1100 quae
680 1046 794 1101 supra
807 1046 904 1087 dieta
915 1049 962 1087 ad
974 1061 1058 1100 cap.
1077 1063 1110 1101 3.
1125 1048 1188 1088 De
1202 1050 1332 1102 plura-

57 1096 86 1137 li
97 1110 226 1140 autem
240 1099 352 1152 supra
363 1113 524 1154 quoque
537 1102 609 1140 iam
623 1100 841 1141 dixi.Conf.
855 1114 888 1141 c.
904 1101 950 1151 38
969 1101 994 1141 f.
1013 1102 1166 1154 Quom.
1186 1103 1268 1143 hist.
1288 1106 1331 1146 δε

55 1164 143 1206 cap.
156 1154 202 1193 61
226 1152 251 1193 f.
267 1153 307 1194 δι
331 1154 456 1209 Long.
474 1154 567 1195 Past.
588 1154 666 1200 ΙΙΙ,
680 1168 716 1208 p.
733 1169 798 1207 99,
818 1155 908 1208 παρ’
921 1155 1103 1205 invisas,
1121 1156 1162 1197 δι
1176 1156 1331 1199 Duker.

55 1206 108 1246 ad
119 1205 408 1260 Thucyd.VllI
418 1239 430 1257 ‚
443 1221 476 1248 c.
490 1209 557 1256 81,
570 1208 797 1262 43.R151Tz.

110 1261 192 1302 ibid.
205 1261 352 1314 Χρόνων,
366 1262 428 1302 ἐπ’
439 1258 582 1316 αὐτὸν)
600 1263 670 1302 Ait
679 1262 944 1315 Tyrannicida
953 1291 965 1310 ‚
978 1261 1015 1303 se
1029 1262 1178 1305 sublato
1193 1276 1330 1316 tyran·

55 1313 97 1354 ni
110 1313 213 1365 filio,
228 1317 361 1356 omnia
371 1315 482 1356 simul
494 1318 593 1356 mala
606 1317 702 1369 patri
713 1316 895 1369 ingeffiffe
905 1347 917 1364 ,
932 1330 1036 1369 quae
1049 1330 1138 1356 eum
1153 1320 1331 1359 morico-

56 1380 202 1421 gerent.
211 1363 395 1410 “Am-mm
405 1370 521 1411 τοίνυν
532 1367 639 1418 αὐτῷ
652 1370 764 1422 ἁθρόοι
776 1371 1026 1423 περιέστησα,
1039 1372 1106 1410 τὴν
1121 1371 1249 1422 φύσιν,
1261 1373 1329 1414 τὴν

54 1423 193 1473 λύπην,
205 1424 269 1463 τὶν
283 1423 516 1478 ἀπόγνωσιν,
528 1428 590 1464 τὸν
601 1425 728 1476 φόβον,
739 1427 811 1465 τὰς
824 1424 886 1463 ἐπὶ
902 1423 973 1465 τῶν
988 1425 1203 1474 μελλόντων
1218 1425 1328 1466 ἐλπί-

55 1475 135 1517 δὀις
154 1477 306 1530 χρόνων,
324 1478 387 1517 ἐπ’
399 1476 513 1518 αὐτὶν
532 1478 762 1530 ἐχρησάμην
778 1477 858 1517 τοῖς
873 1478 1114 1531 συμμάχοις,
1137 1480 1200 1517 καὶ
1217 1482 1328 1532 παρὰ

53 1530 124 1572 τὴν
137 1532 367 1572 τελευταίαν
390 1532 523 1573 ἐκείνην
537 1532 673 1583 σκέψιν
691 1532 994 1586 κατηνάγκασα.
1008 1533 1172 1572 Videtur
1185 1532 1329 1586 aliquid

55 1583 302 1634 intercidisse,
313 1586 498 1626 nimirum
509 1587 573 1626 καὶ
586 1586 672 1640 post
686 1598 828 1626 vocem
840 1586 989 1639 χρόνων.
1007 1587 1134 1625 Omnia
1145 1587 1259 1639 itaque
1269 1603 1328 1626 cu·

57 1640 190 1678 mulata
202 1640 231 1678 εἱ
244 1640 461 1689 circumdedi,
475 1652 635 1679 naturam
650 1639 831 1693 (στοργην
846 1639 1000 1692 scilicet)
1011 1668 1023 1687 ,
1035 1640 1179 1679 dolorem
1188 1670 1201 1686 ,
1213 1642 1325 1694 despe-

55 1694 237 1741 rationem,
256 1706 377 1734 metum
387 1725 399 1742 ‚
416 1704 598 1748 temporum
620 1693 885 1745 insecatur-orum
903 1695 1069 1738 horrores,
1084 1694 1118 1732 δ’
1132 1694 1324 1734 auxiliato-

56 1747 151 1787 ribus
163 1747 200 1787 in
209 1763 282 1787 eum
295 1748 376 1800 usus
380 1748 476 1799 sum,
490 1762 589 1800 atque
603 1750 652 1786 ad
659 1761 840 1787 extremum
853 1748 915 1785 lzoc
927 1748 1098 1798 consilium
1106 1747 1247 1799 perpuli.
1259 1748 1322 1786 In-

57 1810 203 1854 terpres
223 1814 304 1841 non
318 1802 417 1841 male
436 1800 505 1855 sup
535 1802 628 1841 levit
644 1800 806 1847 τούτοις,
820 1802 875 1839 his
893 1802 1052 1853 adversics
1069 1801 1164 1839 illum
1179 1802 1324 1841 auxiliis

53 1854 240 1907 ufitssum.
255 1854 300 1894 In
318 1855 484 1895 editione
505 1816 731 1894 {lorentina
748 1853 832 1907 post
852 1867 995 1894 vocem
1008 1854 1221 1904 μελλόντων
1235 1855 1324 1894 hia-

53 1919 116 1948 tus
126 1909 192 1955 est,
207 1910 247 1949 δι
260 1908 358 1948 duae
371 1921 490 1948 voces
501 1908 700 1961 sequentes
711 1907 889 1956 omissae,
901 1909 1006 1960 quod
1017 1920 1244 1961 argumento
1256 1910 1324 1957 est,

52 1961 264 2011 Codicem‚
285 1976 368 2017 quo
389 1962 601 2002 Florentini
619 1961 676 2002 usi
691 1961 797 2011 sunt,
816 1975 866 2002 eo
885 1962 976 2002 loco
998 1961 1035 2002 se
1056 1963 1156 2002 male
1175 1962 1327 2002 habuis-

54 2015 104 2057 se.
119 2017 228 2057 ltus.

108 2074 183 2110 ead.
196 2073 221 2111 l.
236 2070 384 2120 14’Evr’
397 2068 534 2123 αὐτὸν)
549 2070 699 2110 Τούτοις
712 2069 775 2110 hic
796 2068 995 2109 defiderari
1014 2069 1180 2114 videtur,
1201 2068 1325 2121 legen-

56 2123 251 2178 dumque,
267 2124 415 2164 τούτοις
427 2124 488 2165 ἐπ’
505 2123 618 2164 afim
639 2124 878 2176 ἐχρησάμην.
900 2123 1068 2164 GUYET.
1091 2122 1230 2161 Parum
1255 2123 1322 2161 ab·

56 2178 150 2227 fuit,
163 2180 257 2232 quin
270 2179 361 2218 illud
376 2179 524 2218 τούτοις
537 2191 624 2218 ante
639 2179 698 2217 ἐπ’
713 2179 752 2217 in
772 2189 999 2218 contextum
1022 2177 1250 2228 receperim3
1271 2177 1323 2216 ita

56 2233 94 2271 id
109 2234 199 2272 mihi
213 2232 459 2273 necessarium
473 2233 638 2273 videtur.
653 2233 707 2271 At
721 2231 843 2285 potest
859 2233 932 2270 iam
948 2244 998 2271 eo
1015 2232 1070 2270 uti
1081 2260 1090 2277 ,
1105 2231 1169 2282 qui
1190 2230 1324 2269 volue-

56 2287 118 2326 rit.
134 2288 272 2340 Neque
286 2285 483 2340 quisquam
501 2287 600 2326 vitio
614 2298 757 2332 vertat,
772 2286 877 2339 quod
891 2298 1018 2324 tamen
1040 2297 1133 2322 mox
1146 2287 1236 2335 πρὸς
1251 2297 1324 2336 pro

58 2343 166 2394 παρὰ
185 2341 227 2380 &
242 2341 323 2391 περὶ
336 2353 386 2380 ex
400 2341 535 2380 eodem
551 2342 759 2393 receperim
772 2355 780 2379 :
793 2341 827 2378 id
847 2341 948 2379 enim
969 2338 1112 2377 factum
1124 2368 1134 2382 ,
1157 2339 1246 2390 quia
1262 2351 1323 2377 res

58 2394 136 2448 ipsa
157 2395 406 2447 loquebatur,
426 2396 539 2434 etiarn
555 2394 634 2434 fine
653 2393 844 2433 Codicum
866 2406 942 2446 ope
962 2392 1011 2432 sle
1027 2392 1323 2444 corrigendum3

57 2458 142 2488 tum
158 2451 250 2501 quia
264 2461 334 2488 nec
350 2448 504 2501 vulgata
518 2448 632 2488 leciio
642 2448 708 2488 fibi
721 2448 940 2496 constabat;
955 2459 1053 2499 quae
1066 2446 1220 2498 quando
1232 2458 1325 2485 con-

164 2503 307 2544 Lucian.
331 2503 409 2544 Vol.
433 2504 453 2541 l
458 2503 501 2545 V.
998 2500 1041 2552 Q
1055 2513 1079 2553 q
