1768 3185
143 174 582 246 INQUOMODO
600 173 762 222 HIST.
784 171 885 221 SIT
903 173 1168 222 CONSCR.
1234 193 1333 242 477

52 264 206 317 pergit,
225 259 301 304 ὖπὶ
316 263 391 304 ‘teliu
412 263 502 304 τότε
514 265 816 318 ἀκροασαμένων,
836 263 970 315 μανία,
993 262 1078 315 εἶ”γε
1098 264 1220 312 ἐλπὶς,
1234 262 1280 305 ὦς
1297 266 1331 306 οἱ

56 318 217 358 ‘tom-3⁷01
228 314 565 369 μεταποιήσουσιν,
584 320 602 357 ii
614 317 921 371 μεταγράψαυσί
942 331 978 356 τι
996 318 1067 357 τῶν
1083 314 1197 369 ἅπαξ
1220 334 1329 358 κεκυ-

55 371 225 424 ρωμένων.
242 371 371 411 Locus
382 373 545 425 turpiter
564 384 786 425 corruptus.
803 371 878 411 Pro
887 372 1025 422 μανίαι,
1035 372 1118 424 εἴγε
1130 371 1236 411 ἐλπὶς
1251 373 1333 413 sine

53 425 176 466 dubio
186 425 387 478 legendum
401 426 542 476 ,μανίαι
554 426 607 465 εἴη
623 439 677 478 γε
692 427 811 464 ἐλπίς.
832 425 872 464 Id
884 425 988 473 dicit,
1007 424 1077 463 Sed
1088 426 1123 464 6³
1127 428 1165 476 st
1176 426 1236 464 illa
1250 426 1332 478 (hi-

53 477 171 518 storia
185 479 258 518 iam
273 480 321 518 ab
335 479 416 518 aliis
428 479 633 532 perscripta
645 479 686 519 &
699 478 907 531 publicata)
920 480 1061 517 laudata
1066 481 1118 530 fit
1137 481 1180 517 ab
1194 480 1251 526 iis,
1273 481 1333 532 qui

54 532 278 583 tumfiterunt
288 534 472 581 auditores,
480 534 682 586 inslzfflash,
689 534 826 584 sperare
838 534 924 571 tales
933 534 1081 571 homines
1091 545 1280 572 mutaturos
1292 524 1328 572 ὅ*

53 586 345 638 aHterfin'pturos
362 588 532 639 quidpiam
543 602 654 625 eorum
669 617 681 633 ‚
699 602 782 638 quae
789 586 895 637 fimel
908 599 1034 638 recepta
1041 586 1139 638 fitnt.
1162 587 1332 627 Videtur

51 639 143 679 huic
159 640 277 680 ulceri
297 654 387 681 cum
410 641 724 693 interpretatione
740 638 966 680 succurriffe
989 641 1102 679 etiam
1130 642 1329 694 interpres.

50 692 220 733 IENS.V.
237 694 413 735 lensium.
427 694 584 733 Liturae
602 694 660 733 hic
682 693 767 733 sunt
784 694 821 732 in
830 695 901 732 W.
916 693 956 733 δι
973 694 1129 746 vulgata
1147 695 1328 748 reposua.

50 746 142 786 vid.
159 752 308 800 Παρασ.
328 762 364 799 7.
386 747 545 788 SOLAN.
568 747 652 788 ΜΠ.
668 747 794 801 Regg.
810 760 913 800 2954
927 746 967 786 δι
993 749 1094 801 2956
1115 745 1188 802 ἥγε
1206 750 1332 799 ἐλπὶς,

51 811 97 842 ut
111 801 170 841 edi
185 803 422 842 curavimus.

105 858 181 894 ead.
194 857 219 895 Ι.
231 870 269 908 9.
284 854 477 895 Ἀπὸιντων
499 854 571 895 Mn
591 854 751 909 κεχειρ.)
768 854 857 894 vid.
871 853 1069 894 Demosth.
1084 854 1147 895 Ol.
1159 855 1176 895 1
1187 886 1199 902 ,
1216 856 1265 894 62
1278 856 1330 896 C.

50 907 186 962 Philip.
197 909 268 956 111,
286 923 358 959 177
371 910 414 949 B.
429 909 569 949 Noster
583 922 614 949 c.
633 924 668 957 2,
684 908 861 961 συνεχεῖς
872 911 984 948 νῖκαι.
997 908 1106 949 Bello
1117 910 1327 961 profligato

52 963 205 1003 videtur
220 963 296 1004 hoc
310 963 488 1016 scriptum
499 994 512 1011 ,
531 974 648 1015 atque
665 963 761 1002 adeo
777 975 879 1002 anno
892 962 982 1001 Chr.
998 963 1155 1002 CLXV.
1172 964 1212 1002 L.
1229 964 1327 1004 Veri

50 1016 168 1056 duces
180 1017 344 1057 Avidius
356 1017 506 1057 Caffius
526 1017 566 1057 δι
581 1017 750 1055 Marcius
767 1017 897 1056 Verus
916 1016 1126 1057 Seleuciam
1143 1018 1182 1058 δι
1198 1017 1327 1058 Ctesi-

50 1070 197 1123 phonta
211 1082 406 1124 ceperunt.
427 1071 476 1110 V.
492 1070 660 1122 Capitol.
686 1071 722 1108 in
736 1071 846 1110 Vero
861 1083 893 1109 c.
911 1086 947 1119 4.
966 1071 1011 1109 In
1025 1073 1191 1111 nummis
1203 1072 1322 1120 Veri,

48 1125 140 1164 anni
148 1124 329 1172 CLXVI,
338 1125 454 1164 PAX
464 1124 504 1164 δι
516 1124 633 1163 IMP.
642 1123 697 1163 111
707 1124 746 1163 δι
758 1124 830 1164 IV.
839 1125 892 1163 ob
903 1125 1150 1177 triumphum.
1162 1125 1322 1165 SOLAN.

103 1181 177 1217 ead.
189 1179 213 1220 l.
228 1193 242 1218 1
253 1193 285 1217 2.
306 1175 453 1232 Πῆχει)
466 1179 519 1217 V.
532 1177 630 1216 infra
644 1191 675 1217 c.
693 1191 761 1230 393
778 1190 826 1217 ne
841 1177 942 1217 forte
956 1179 1144 1218 existimes
1161 1180 1325 1220 hocvo-

49 1232 231 1272 cabulum
252 1245 330 1273 non
346 1232 517 1286 usurpari
534 1232 580 1271 de
595 1230 846 1271 instrumento
859 1231 993 1271 fabrili.
1009 1234 1085 1272 Hic
1099 1245 1224 1272 tamen
1240 1246 1321 1273 non

49 1298 187 1326 norma
206 1286 438 1340 simpliciter,
456 1285 515 1326 sed
529 1298 579 1325 ex
591 1284 774 1325 adiunffis
784 1286 829 1325 de
841 1298 972 1326 vetere
989 1287 1134 1326 cariosa
1147 1287 1188 1326 δε
1201 1301 1324 1341 prava

45 1339 345 1393 intelligendum.
367 1341 525 1381 SOLAN.

101 1394 194 1447 Pag.
210 1394 294 1434 166.
314 1396 337 1432 l.
355 1395 392 1434 6.
414 1395 494 1434 Τοῖς
511 1393 677 1433 ἐπαίνοις
689 1392 887 1444 ἀρχόντων
901 1394 965 1432 nul
989 1394 1218 1448 στρατηγῶν
1230 1395 1321 1435 sus-

47 1447 229 1502 τρίβουσι)
249 1447 556 1499 Ἐνὲιοιτρίβουσι,
579 1459 623 1487 ut
635 1446 731 1486 infra
745 1459 777 1486 c.
794 1461 808 1486 1
822 1461 856 1494 1,
881 1449 945 1487 καὶ
959 1448 1257 1499 ἑνὸιατριβοντες,
1278 1450 1321 1489 &

47 1502 323 1551 immorantes;
337 1502 526 1556 &supra,
545 1524 590 1532 —
609 1501 674 1540 καὶ
698 1500 727 1539 ἃ.
744 1502 961 1549 σιωπητέον,
986 1503 1050 1541 καὶ
1074 1500 1125 1542 οἷς
1141 1502 1323 1556 {dm-rpr-

44 1557 170 1596 πτέον.
195 1557 383 1596 MARCIL.

100 1612 177 1649 ead.
192 1610 216 1650 l.
232 1625 269 1660 7.
283 1609 539 1663 Διατρίβουσι)
552 1607 846 1660 Ἐνὲιοιτρίβουσι.
861 1608 1031 1649 GUYET.
1047 1609 1321 1663 ’Eucsta‘tpt'ssov-

46 1663 109 1716 σι)
129 1664 249 1704 Marc.
264 1664 572 1704 emendationem
586 1662 738 1715 secutus
754 1661 857 1702 sum:
881 1662 1136 1704 confirmatur
1150 1666 1318 1706 auCtori-

46 1728 126 1758 tate
141 1716 292 1758 MLW.
305 1718 365 1758 Sic
378 1717 536 1770 usurpat
549 1730 581 1757 c.
596 1730 609 1755 1
623 1730 653 1755 1.
672 1716 828 1756 SOI-AN.
845 1717 935 1756 Non
945 1718 1063 1757 modo
1079 1731 1112 1757 c.
1130 1732 1169 1757 tt
1186 1719 1236 1759 sic
1252 1733 1319 1760 oc-

43 1768 177 1821 currit,
192 1783 236 1812 ut
249 1771 413 1812 Solanus
424 1782 570 1818 monet,
591 1770 650 1810 sed
668 1769 708 1809 &
720 1769 828 1823 saepe
841 1771 949 1818 alibi3
969 1772 1106 1823 atquid
1117 1785 1216 1825 opus
1229 1774 1318 1813 lon·-

73 1826 132 1865 ius
143 1824 355 1878 quaesitum
373 1826 440 1873 ire,
459 1837 550 1866 ecce
570 1825 687 1877 paulo
698 1835 789 1863 ante
803 1837 834 1864 c.
848 1826 885 1871 6,
903 1823 1184 1877 ἐνδιατριπτέον
1200 1829 1316 1867 etiam

43 1838 265 1920 {abuimua
289 1879 435 1920 Rmrz.

98 1937 172 1973 ead.
186 1934 209 1972 l.
232 1947 292 1972 12.
313 1934 383 1974 Δὶς
405 1933 475 1973 &aba
492 1931 651 1985 πασῶν)
677 1930 836 1972 Βὶξὶυηι
854 1931 909 1971 est
920 1929 1031 1986 supra
1047 1932 1091 1971 ad
1104 1937 1169 1986 Πρ.
1184 1945 1218 1974 λ.
1232 1947 1317 1989 cap.

75 2017 84 2028 .
109 1987 268 2028 SOLAN.

46 2000 73 2042 ⁷
99 2045 174 2081 ead.
183 2042 206 2080 l.
223 2055 239 2080 1
250 2038 499 2093 3.‘Ooroe‹roUv)
515 2040 620 2080 Bene
632 2051 836 2080 monuerat
847 2040 884 2078 in
901 2052 1016 2092 marg.
1031 2040 1245 2081 Hemsterh.
1259 2042 1318 2082 vi-

43 2094 211 2135 dendum
225 2094 374 2135 Duker.
387 2096 432 2134 ad
444 2095 626 2144 Thucyd.
653 2109 688 2146 p.
703 2108 794 2144 477,
808 2107 846 2132 n.
864 2108 925 2146 53,
943 2095 976 2132 id
991 2093 1044 2132 est
1058 2125 1069 2142 ‚
1084 2095 1125 2133 L.
1138 2095 1233 2142 Vll,
1249 2110 1312 2147 49.

45 2149 124 2190 Ubi
137 2150 183 2189 ad
199 2149 304 2189 verb.
316 2148 533 2189 ὁπωσοῦνὶη
545 2148 728 2199 Thucyd.
744 2161 965 2193 occurrens,
979 2148 1053 2187 ait:
1071 2149 1145 2188 Th.
1163 2149 1313 2202 Magist-

43 2202 123 2243 hoc
134 2201 352 2252 Ἑλληνικὸν,
373 2215 454 2242 non
465 2204 650 2248 Ἀττικὸν,
661 2201 733 2241 effe
747 2202 983 2254 pronuntiat.
1009 2201 1072 2241 Est
1087 2214 1213 2242 tamen
1228 2218 1313 2244 rur-

45 2255 110 2297 sus
124 2257 224 2310 apud
235 2256 418 2308 Thucyd.
437 2255 550 2302 vm,
564 2269 626 2308 90.
639 2255 734 2294 Item
751 2257 787 2294 in
801 2255 916 2296 lsocr.
933 2256 978 2295 ad
994 2255 1190 2296 Nicoclem
1202 2288 1214 2305 ,
1229 2270 1313 2298 non

44 2310 163 2364 longe
174 2323 195 2350 a
211 2311 414 2364 principio,
426 2311 466 2351 δι
481 2310 653 2350 Luciano
664 2308 813 2361 Quom.
831 2309 910 2348 hist.
934 2310 956 2347 h
984 2310 1007 2348 l.
1026 2309 1172 2349 thrz.

99 2365 209 2404 ead.l.
238 2365 295 2404 16.
315 2363 533 2416 Ἀκαριειῖοή
558 2363 668 2415 Angl.
693 2378 854 2414 σικαιρον.
875 2363 1048 2403 BOURD.
1070 2365 1143 2403 Hic
1157 2363 1311 2405 adleve-

46 2427 108 2458 rat
119 2419 279 2471 margini
293 2417 470 2464 Solanus,
485 2419 522 2456 in
533 2419 603 2456 W.
620 2418 770 2456 lituram
785 2416 873 2462 effe,
883 2416 943 2456 sed
954 2417 1064 2456 aliam
1076 2430 1234 2457 manum
1251 2431 1311 2458 re-

46 2470 213 2526 posuiffe
228 2472 425 2527 vulgatam
437 2486 450 2521 ;
464 2484 600 2512 verum
613 2471 664 2511 ita
674 2471 790 2512 dubie
804 2470 944 2525 posuit,
958 2483 1001 2511 ut
1011 2472 1080 2511 vix
1091 2471 1175 2512 satis
1183 2472 1314 2526 digno-
