<?xml version="1.0" encoding="UTF-8"?>
<!DOCTYPE html PUBLIC "-//W3C//DTD XHTML 1.0 Transitional//EN"
    "http://www.w3.org/TR/xhtml1/DTD/xhtml1-transitional.dtd">
<html xmlns="http://www.w3.org/1999/xhtml" xml:lang="en" lang="en">
 <head>
  <title>
</title>
<meta http-equiv="Content-Type" content="text/html;charset=utf-8" />
  <meta name='ocr-system' content='tesseract 3.04.00' />
  <meta name='ocr-capabilities' content='ocr_page ocr_carea ocr_par ocr_line ocrx_word'/>
</head>
<body>
  <div class='ocr_page' id='page_1' title='image "./operagraeceetlat04luciuoft/operagraeceetlat04luciuoft_0418.png"; bbox 0 0 1841 3180; ppageno 0'>
   <div class='ocr_carea' id='block_1_1' title="bbox 440 124 1519 192">
    <p class='ocr_par' dir='ltr' id='par_1_1' title="bbox 440 124 1519 192">
     <span class='ocr_line' id='line_1_1' title="bbox 440 124 1519 192; baseline 0 -12"><span class='ocrx_word' id='word_1_1' title='bbox 440 148 536 192; x_wconf 87' lang='lat'>410</span> <span class='ocrx_word' id='word_1_2' title='bbox 635 124 1519 180; x_wconf 82' lang='lat' dir='ltr'><strong>ANNOTATIONES</strong></span> 
     </span>
    </p>
   </div>
   <div class='ocr_carea' id='block_1_2' title="bbox 441 221 1744 275">
    <p class='ocr_par' dir='ltr' id='par_1_2' title="bbox 441 206 1799 275">
     <span class='ocr_line' id='line_1_2' title="bbox 441 221 1744 275; baseline 0.001 -13"><span class='ocrx_word' id='word_1_3' title='bbox 441 222 575 275; x_wconf 86' lang='lat' dir='ltr'>populi</span> <span class='ocrx_word' id='word_1_4' title='bbox 604 234 732 263; x_wconf 91' lang='lat' dir='ltr'>amant</span> <span class='ocrx_word' id='word_1_5' title='bbox 760 223 1066 270; x_wconf 72' lang='lat' dir='ltr'>subiunffivum‚</span> <span class='ocrx_word' id='word_1_6' title='bbox 1091 222 1188 261; x_wconf 89' lang='lat' dir='ltr'>adeo</span> <span class='ocrx_word' id='word_1_7' title='bbox 1212 221 1264 262; x_wconf 83' lang='lat' dir='ltr'>est</span> <span class='ocrx_word' id='word_1_8' title='bbox 1292 221 1474 275; x_wconf 82' lang='lat' dir='ltr'>frequens</span> <span class='ocrx_word' id='word_1_9' title='bbox 1496 222 1538 262; x_wconf 88' lang='lat'>&amp;</span> <span class='ocrx_word' id='word_1_10' title='bbox 1558 221 1744 264; x_wconf 76' lang='lat' dir='ltr'>usitatus·</span> 
     </span>
    </p>
   </div>
   <div class='ocr_carea' id='block_1_3' title="bbox 440 276 1722 718">
    <p class='ocr_par' dir='ltr' id='par_1_3' title="bbox 440 276 1721 707">
     <span class='ocr_line' id='line_1_3' title="bbox 441 276 1719 330; baseline 0 -13"><span class='ocrx_word' id='word_1_11' title='bbox 441 277 623 325; x_wconf 82' lang='lat' dir='ltr'>Graecis,</span> <span class='ocrx_word' id='word_1_12' title='bbox 644 289 685 317; x_wconf 89' lang='lat' dir='ltr'>ut</span> <span class='ocrx_word' id='word_1_13' title='bbox 706 279 865 330; x_wconf 78' lang='lat' dir='ltr'>puderet</span> <span class='ocrx_word' id='word_1_14' title='bbox 887 277 1097 330; x_wconf 80' lang='lat' dir='ltr'>quidquam</span> <span class='ocrx_word' id='word_1_15' title='bbox 1118 277 1165 315; x_wconf 88' lang='lat' dir='ltr'>de</span> <span class='ocrx_word' id='word_1_16' title='bbox 1183 288 1232 315; x_wconf 89' lang='lat' dir='ltr'>eo</span> <span class='ocrx_word' id='word_1_17' title='bbox 1254 290 1436 325; x_wconf 86' lang='lat' dir='ltr'>monere,</span> <span class='ocrx_word' id='word_1_18' title='bbox 1460 276 1530 316; x_wconf 82' lang='lat' dir='ltr'>nisi</span> <span class='ocrx_word' id='word_1_19' title='bbox 1553 276 1713 317; x_wconf 82' lang='lat' dir='ltr'>scirem</span> <span class='ocrx_word' id='word_1_20' title='bbox 1703 308 1719 326; x_wconf 91' lang='lat'>‚</span> 
     </span>
     <span class='ocr_line' id='line_1_4' title="bbox 440 329 1720 384; baseline 0 -13"><span class='ocrx_word' id='word_1_21' title='bbox 440 333 604 371; x_wconf 82' lang='lat' dir='ltr'>eundem</span> <span class='ocrx_word' id='word_1_22' title='bbox 627 331 822 371; x_wconf 88' lang='lat' dir='ltr'>nonnullis</span> <span class='ocrx_word' id='word_1_23' title='bbox 836 343 964 370; x_wconf 90' lang='lat' dir='ltr'>tamen</span> <span class='ocrx_word' id='word_1_24' title='bbox 983 331 1170 369; x_wconf 90' lang='lat' dir='ltr'>interdum</span> <span class='ocrx_word' id='word_1_25' title='bbox 1191 329 1401 384; x_wconf 58' lang='lat' dir='ltr'>suspefiium</span> <span class='ocrx_word' id='word_1_26' title='bbox 1418 329 1536 370; x_wconf 83' lang='lat' dir='ltr'>fuiffe.</span> <span class='ocrx_word' id='word_1_27' title='bbox 1555 331 1720 383; x_wconf 84' lang='lat' dir='ltr'>Quare,</span> 
     </span>
     <span class='ocr_line' id='line_1_5' title="bbox 440 384 1718 438; baseline 0.001 -14"><span class='ocrx_word' id='word_1_28' title='bbox 440 385 470 424; x_wconf 80' lang='lat' dir='ltr'>si</span> <span class='ocrx_word' id='word_1_29' title='bbox 484 386 548 424; x_wconf 90' lang='lat' dir='ltr'>cui</span> <span class='ocrx_word' id='word_1_30' title='bbox 562 385 738 438; x_wconf 84' lang='lat' dir='ltr'>exempla</span> <span class='ocrx_word' id='word_1_31' title='bbox 751 397 831 423; x_wconf 89' lang='lat' dir='ltr'>non</span> <span class='ocrx_word' id='word_1_32' title='bbox 847 384 1096 431; x_wconf 74' lang='lat' dir='ltr'>succurrunt,</span> <span class='ocrx_word' id='word_1_33' title='bbox 1118 384 1246 422; x_wconf 87' lang='lat' dir='ltr'>videat</span> <span class='ocrx_word' id='word_1_34' title='bbox 1268 384 1377 423; x_wconf 80' lang='lat' dir='ltr'>lensii</span> <span class='ocrx_word' id='word_1_35' title='bbox 1395 384 1513 424; x_wconf 69' lang='lat' dir='ltr'>Lectt.</span> <span class='ocrx_word' id='word_1_36' title='bbox 1526 384 1685 425; x_wconf 87' lang='lat' dir='ltr'>Lucian.</span> <span class='ocrx_word' id='word_1_37' title='bbox 1695 398 1718 425; x_wconf 88' lang='lat' dir='ltr'>a</span> 
     </span>
     <span class='ocr_line' id='line_1_6' title="bbox 440 437 1718 504; baseline 0.001 -27"><span class='ocrx_word' id='word_1_38' title='bbox 440 452 518 492; x_wconf 78' lang='lat' dir='ltr'>pag</span> <span class='ocrx_word' id='word_1_39' title='bbox 522 470 529 477; x_wconf 92' lang='lat'>.</span> <span class='ocrx_word' id='word_1_40' title='bbox 556 452 603 486; x_wconf 87' lang='lat'>27</span> <span class='ocrx_word' id='word_1_41' title='bbox 625 440 672 478; x_wconf 87' lang='lat' dir='ltr'>ad</span> <span class='ocrx_word' id='word_1_42' title='bbox 690 438 918 491; x_wconf 84' lang='lat' dir='ltr'>35,&amp;quos</span> <span class='ocrx_word' id='word_1_43' title='bbox 930 437 1045 477; x_wconf 82' lang='lat' dir='ltr'>frater</span> <span class='ocrx_word' id='word_1_44' title='bbox 1059 437 1110 479; x_wconf 86' lang='lat' dir='ltr'>G.</span> <span class='ocrx_word' id='word_1_45' title='bbox 1125 437 1179 477; x_wconf 89' lang='lat' dir='ltr'>O.</span> <span class='ocrx_word' id='word_1_46' title='bbox 1198 437 1371 478; x_wconf 84' lang='lat' dir='ltr'>Reitzius</span> <span class='ocrx_word' id='word_1_47' title='bbox 1384 438 1566 478; x_wconf 85' lang='lat' dir='ltr'>adducit·</span> <span class='ocrx_word' id='word_1_48' title='bbox 1558 451 1598 477; x_wconf 90' lang='lat' dir='ltr'>m</span> <span class='ocrx_word' id='word_1_49' title='bbox 1589 439 1718 504; x_wconf 86' lang='lat' dir='ltr'>Belg</span> 
     </span>
     <span class='ocr_line' id='line_1_7' title="bbox 444 489 1721 554; baseline 0 -22"><span class='ocrx_word' id='word_1_50' title='bbox 444 493 584 533; x_wconf 80' lang='lat' dir='ltr'>Giaec.</span> <span class='ocrx_word' id='word_1_51' title='bbox 601 506 636 549; x_wconf 88' lang='lat' dir='ltr'>p.</span> <span class='ocrx_word' id='word_1_52' title='bbox 651 492 738 545; x_wconf 82' lang='lat'>385.</span> <span class='ocrx_word' id='word_1_53' title='bbox 753 492 1071 543; x_wconf 80' lang='lat' dir='ltr'>Quibustantum</span> <span class='ocrx_word' id='word_1_54' title='bbox 1092 492 1191 530; x_wconf 88' lang='lat' dir='ltr'>addo</span> <span class='ocrx_word' id='word_1_55' title='bbox 1204 491 1291 531; x_wconf 87' lang='lat' dir='ltr'>Ael.</span> <span class='ocrx_word' id='word_1_56' title='bbox 1306 493 1358 532; x_wconf 92' lang='lat' dir='ltr'>V.</span> <span class='ocrx_word' id='word_1_57' title='bbox 1372 490 1421 530; x_wconf 87' lang='lat' dir='ltr'>H.</span> <span class='ocrx_word' id='word_1_58' title='bbox 1437 505 1480 540; x_wconf 91' lang='lat'>2,</span> <span class='ocrx_word' id='word_1_59' title='bbox 1497 493 1570 545; x_wconf 84' lang='lat'>36,</span> <span class='ocrx_word' id='word_1_60' title='bbox 1582 489 1721 554; x_wconf 57' lang='grc' dir='ltr'><strong><em>πρώτῃ·</em></strong></span> 
     </span>
     <span class='ocr_line' id='line_1_8' title="bbox 444 545 1720 611; baseline 0.002 -26"><span class='ocrx_word' id='word_1_61' title='bbox 444 561 504 591; x_wconf 76' lang='grc' dir='ltr'>σε</span> <span class='ocrx_word' id='word_1_62' title='bbox 517 548 595 584; x_wconf 68' lang='grc' dir='ltr'>πῶς</span> <span class='ocrx_word' id='word_1_63' title='bbox 615 546 718 598; x_wconf 76' lang='grc' dir='ltr'><em>εχει,</em></span> <span class='ocrx_word' id='word_1_64' title='bbox 735 547 799 585; x_wconf 87' lang='lat' dir='ltr'>ubl</span> <span class='ocrx_word' id='word_1_65' title='bbox 813 557 941 585; x_wconf 85' lang='lat' dir='ltr'>tamen</span> <span class='ocrx_word' id='word_1_66' title='bbox 939 545 1319 611; x_wconf 77' lang='lat' dir='ltr'>facileluspiceris,</span> <span class='ocrx_word' id='word_1_67' title='bbox 1299 561 1383 598; x_wconf 76' lang='grc' dir='ltr'>εχοι</span> <span class='ocrx_word' id='word_1_68' title='bbox 1397 545 1616 598; x_wconf 51' lang='lat' dir='ltr'>legendum,</span> <span class='ocrx_word' id='word_1_69' title='bbox 1627 559 1720 600; x_wconf 77' lang='lat' dir='ltr'>quia</span> 
     </span>
     <span class='ocr_line' id='line_1_9' title="bbox 444 598 1722 659; baseline 0.001 -20"><span class='ocrx_word' id='word_1_70' title='bbox 444 613 528 649; x_wconf 76' lang='lat' dir='ltr'>cap.</span> <span class='ocrx_word' id='word_1_71' title='bbox 547 601 730 659; x_wconf 84' lang='lat' dir='ltr'>proximo</span> <span class='ocrx_word' id='word_1_72' title='bbox 743 600 910 647; x_wconf 84' lang='lat' dir='ltr'>dixerat,</span> <span class='ocrx_word' id='word_1_73' title='bbox 927 598 1054 654; x_wconf 68' lang='grc' dir='ltr'>ἤρετο,</span> <span class='ocrx_word' id='word_1_74' title='bbox 1074 601 1306 652; x_wconf 58' lang='lat' dir='ltr'>&#39;timim-⁷01.</span> <span class='ocrx_word' id='word_1_75' title='bbox 1329 599 1400 639; x_wconf 87' lang='lat' dir='ltr'>Sed</span> <span class='ocrx_word' id='word_1_76' title='bbox 1423 600 1512 639; x_wconf 82' lang='lat' dir='ltr'>nihil</span> <span class='ocrx_word' id='word_1_77' title='bbox 1534 613 1634 652; x_wconf 85' lang='lat' dir='ltr'>opus</span> <span class='ocrx_word' id='word_1_78' title='bbox 1654 599 1722 641; x_wconf 87' lang='lat' dir='ltr'>est.</span> 
     </span>
     <span class='ocr_line' id='line_1_10' title="bbox 444 650 1721 718; baseline 0.002 -27"><span class='ocrx_word' id='word_1_79' title='bbox 444 653 480 692; x_wconf 86' lang='grc'>(</span> <span class='ocrx_word' id='word_1_80' title='bbox 484 653 562 692; x_wconf 83' lang='lat' dir='ltr'>onf.</span> <span class='ocrx_word' id='word_1_81' title='bbox 578 666 672 692; x_wconf 74' lang='lat' dir='ltr'>mox</span> <span class='ocrx_word' id='word_1_82' title='bbox 687 666 770 706; x_wconf 89' lang='lat' dir='ltr'>cap.</span> <span class='ocrx_word' id='word_1_83' title='bbox 786 655 853 707; x_wconf 76' lang='lat'>63,</span> <span class='ocrx_word' id='word_1_84' title='bbox 867 650 962 693; x_wconf 60' lang='grc' dir='ltr'><em>οἷσθ’</em></span> <span class='ocrx_word' id='word_1_85' title='bbox 973 655 1032 693; x_wconf 83' lang='grc' dir='ltr'><em>οὑν</em></span> <span class='ocrx_word' id='word_1_86' title='bbox 1045 667 1062 692; x_wconf 89' lang='grc' dir='ltr'><em>ο</em></span> <span class='ocrx_word' id='word_1_87' title='bbox 1055 652 1258 718; x_wconf 57' lang='lat' dir='ltr'>spico-2153</span> <span class='ocrx_word' id='word_1_88' title='bbox 1263 654 1305 693; x_wconf 72' lang='grc' dir='ltr'>δι</span> <span class='ocrx_word' id='word_1_89' title='bbox 1322 652 1507 693; x_wconf 82' lang='lat' dir='ltr'>Nostrum</span> <span class='ocrx_word' id='word_1_90' title='bbox 1521 653 1619 693; x_wconf 85' lang='lat' dir='ltr'>infra</span> <span class='ocrx_word' id='word_1_91' title='bbox 1635 667 1721 707; x_wconf 89' lang='lat' dir='ltr'>cap.</span> 
     </span>
    </p>
   </div>
   <div class='ocr_carea' id='block_1_4' title="bbox 441 698 1800 761">
    <p class='ocr_par' dir='ltr' id='par_1_4' title="bbox 441 698 1800 761">
     <span class='ocr_line' id='line_1_11' title="bbox 441 698 1800 761; baseline 0.002 -17"><span class='ocrx_word' id='word_1_92' title='bbox 441 706 489 745; x_wconf 90' lang='lat'>81</span> <span class='ocrx_word' id='word_1_93' title='bbox 506 706 530 745; x_wconf 88' lang='lat' dir='ltr'>f.</span> <span class='ocrx_word' id='word_1_94' title='bbox 546 721 610 745; x_wconf 67' lang='lat' dir='ltr'>met</span> <span class='ocrx_word' id='word_1_95' title='bbox 625 722 689 747; x_wconf 76' lang='grc' dir='ltr'>της</span> <span class='ocrx_word' id='word_1_96' title='bbox 702 722 756 759; x_wconf 67' lang='grc' dir='ltr'>γε</span> <span class='ocrx_word' id='word_1_97' title='bbox 777 723 914 761; x_wconf 76' lang='grc' dir='ltr'><em>μητρος</em></span> <span class='ocrx_word' id='word_1_98' title='bbox 927 707 1090 760; x_wconf 75' lang='grc' dir='ltr'>ἐρομένης</span> <span class='ocrx_word' id='word_1_99' title='bbox 1104 703 1234 754; x_wconf 65' lang='grc' dir='ltr'><em>αὗτὶν,</em></span> <span class='ocrx_word' id='word_1_100' title='bbox 1247 707 1288 747; x_wconf 80' lang='grc' dir='ltr'>τί</span> <span class='ocrx_word' id='word_1_101' title='bbox 1303 707 1435 747; x_wconf 68' lang='grc' dir='ltr'>ταῦτα</span> <span class='ocrx_word' id='word_1_102' title='bbox 1447 707 1556 761; x_wconf 70' lang='grc' dir='ltr'><strong><em>Ληρεῖ.</em></strong></span> <span class='ocrx_word' id='word_1_103' title='bbox 1572 708 1621 748; x_wconf 85' lang='lat' dir='ltr'>Et</span> <span class='ocrx_word' id='word_1_104' title='bbox 1639 707 1721 749; x_wconf 83' lang='lat' dir='ltr'>sex·</span> <span class='ocrx_word' id='word_1_105' title='bbox 1782 698 1800 744; x_wconf 46' lang='grc'>.’</span> 
     </span>
    </p>
   </div>
   <div class='ocr_carea' id='block_1_5' title="bbox 442 761 1726 1529">
    <p class='ocr_par' dir='ltr' id='par_1_5' title="bbox 442 761 862 801">
     <span class='ocr_line' id='line_1_12' title="bbox 442 761 862 801; baseline 0.005 -2"><span class='ocrx_word' id='word_1_106' title='bbox 442 761 586 800; x_wconf 80' lang='lat' dir='ltr'>centies</span> <span class='ocrx_word' id='word_1_107' title='bbox 602 761 699 800; x_wconf 80' lang='lat' dir='ltr'>alibi.</span> <span class='ocrx_word' id='word_1_108' title='bbox 716 762 862 801; x_wconf 79' lang='lat' dir='ltr'>Rmz.</span> 
     </span>
    </p>

    <p class='ocr_par' dir='ltr' id='par_1_6' title="bbox 444 814 1726 1029">
     <span class='ocr_line' id='line_1_13' title="bbox 500 814 1724 869; baseline 0.003 -17"><span class='ocrx_word' id='word_1_109' title='bbox 500 815 589 868; x_wconf 76' lang='lat' dir='ltr'>Pag.</span> <span class='ocrx_word' id='word_1_110' title='bbox 606 815 668 854; x_wconf 83' lang='lat'>81.</span> <span class='ocrx_word' id='word_1_111' title='bbox 684 816 707 853; x_wconf 92' lang='lat' dir='ltr'>l.</span> <span class='ocrx_word' id='word_1_112' title='bbox 727 831 760 868; x_wconf 89' lang='lat'>3.</span> <span class='ocrx_word' id='word_1_113' title='bbox 773 817 826 855; x_wconf 83' lang='grc' dir='ltr'><em>Ἐν</em></span> <span class='ocrx_word' id='word_1_114' title='bbox 839 814 959 869; x_wconf 60' lang='lat' dir='ltr'>suan)</span> <span class='ocrx_word' id='word_1_115' title='bbox 975 815 1168 855; x_wconf 87' lang='lat' dir='ltr'>Dubitavi</span> <span class='ocrx_word' id='word_1_116' title='bbox 1183 815 1432 868; x_wconf 79' lang='lat' dir='ltr'>aliquamdiu,</span> <span class='ocrx_word' id='word_1_117' title='bbox 1452 829 1544 855; x_wconf 86' lang='lat' dir='ltr'>num</span> <span class='ocrx_word' id='word_1_118' title='bbox 1567 815 1639 864; x_wconf 85' lang='lat' dir='ltr'>fic,</span> <span class='ocrx_word' id='word_1_119' title='bbox 1657 828 1724 856; x_wconf 87' lang='lat' dir='ltr'>aut</span> 
     </span>
     <span class='ocr_line' id='line_1_14' title="bbox 444 859 1724 922; baseline 0.002 -13"><span class='ocrx_word' id='word_1_120' title='bbox 444 867 521 909; x_wconf 70' lang='grc' dir='ltr'><em>ἕνας</em></span> <span class='ocrx_word' id='word_1_121' title='bbox 544 885 562 906; x_wconf 79' lang='lat' dir='ltr'>n</span> <span class='ocrx_word' id='word_1_122' title='bbox 555 859 615 908; x_wconf 64' lang='grc' dir='ltr'>ὃ.</span> <span class='ocrx_word' id='word_1_123' title='bbox 634 869 835 922; x_wconf 85' lang='lat' dir='ltr'>legendum</span> <span class='ocrx_word' id='word_1_124' title='bbox 851 869 964 918; x_wconf 80' lang='lat' dir='ltr'>effet3</span> <span class='ocrx_word' id='word_1_125' title='bbox 981 869 1042 910; x_wconf 88' lang='lat' dir='ltr'>sed</span> <span class='ocrx_word' id='word_1_126' title='bbox 1057 871 1171 910; x_wconf 81' lang='lat' dir='ltr'>video</span> <span class='ocrx_word' id='word_1_127' title='bbox 1185 870 1447 911; x_wconf 81' lang='lat' dir='ltr'>&amp;Isocratem</span> <span class='ocrx_word' id='word_1_128' title='bbox 1471 870 1522 909; x_wconf 81' lang='lat' dir='ltr'>sic</span> <span class='ocrx_word' id='word_1_129' title='bbox 1535 870 1657 911; x_wconf 88' lang='lat' dir='ltr'>ferme</span> <span class='ocrx_word' id='word_1_130' title='bbox 1668 871 1724 911; x_wconf 93' lang='lat' dir='ltr'>lo-</span> 
     </span>
     <span class='ocr_line' id='line_1_15' title="bbox 445 922 1724 977; baseline 0.002 -15"><span class='ocrx_word' id='word_1_131' title='bbox 445 934 596 968; x_wconf 81' lang='lat' dir='ltr'>cutum,</span> <span class='ocrx_word' id='word_1_132' title='bbox 611 937 646 975; x_wconf 88' lang='lat' dir='ltr'>p.</span> <span class='ocrx_word' id='word_1_133' title='bbox 664 937 714 963; x_wconf 91' lang='lat' dir='ltr'>m.</span> <span class='ocrx_word' id='word_1_134' title='bbox 729 925 793 976; x_wconf 78' lang='grc' dir='ltr'>ὃς,</span> <span class='ocrx_word' id='word_1_135' title='bbox 812 937 848 969; x_wconf 91' lang='lat'>1</span> <span class='ocrx_word' id='word_1_136' title='bbox 862 925 983 977; x_wconf 71' lang='lat' dir='ltr'>6&gt;i¹y01</span> <span class='ocrx_word' id='word_1_137' title='bbox 997 940 1088 974; x_wconf 70' lang='grc' dir='ltr'>προς</span> <span class='ocrx_word' id='word_1_138' title='bbox 1101 922 1494 975; x_wconf 59' lang='grc' dir='ltr'>πολλὰςμυριάἓοις”</span> <span class='ocrx_word' id='word_1_139' title='bbox 1471 938 1597 975; x_wconf 64' lang='grc' dir='ltr'><em>ωσπερ</em></span> <span class='ocrx_word' id='word_1_140' title='bbox 1607 925 1642 964; x_wconf 77' lang='grc' dir='ltr'><em>ἐν</em></span> <span class='ocrx_word' id='word_1_141' title='bbox 1653 930 1724 964; x_wconf 72' lang='grc' dir='ltr'>ἄλ·</span> 
     </span>
     <span class='ocr_line' id='line_1_16' title="bbox 445 976 1726 1029; baseline 0.002 -13"><span class='ocrx_word' id='word_1_142' title='bbox 445 979 608 1029; x_wconf 72' lang='grc' dir='ltr'>λοτρίοως</span> <span class='ocrx_word' id='word_1_143' title='bbox 626 976 787 1029; x_wconf 60' lang='grc' dir='ltr'>ψυχαῖς</span> <span class='ocrx_word' id='word_1_144' title='bbox 799 979 1004 1028; x_wconf 73' lang='grc' dir='ltr'>μέλλοντες</span> <span class='ocrx_word' id='word_1_145' title='bbox 1017 978 1243 1018; x_wconf 59' lang='grc' dir='ltr'><em>κινὲυνευειν·</em></span> <span class='ocrx_word' id='word_1_146' title='bbox 1260 979 1302 1018; x_wconf 88' lang='lat'>&amp;</span> <span class='ocrx_word' id='word_1_147' title='bbox 1317 978 1518 1019; x_wconf 82' lang='lat' dir='ltr'>Demosth.</span> <span class='ocrx_word' id='word_1_148' title='bbox 1535 978 1625 1028; x_wconf 89' lang='lat'>148,</span> <span class='ocrx_word' id='word_1_149' title='bbox 1643 979 1726 1026; x_wconf 54' lang='grc' dir='ltr'>μέν</span> 
     </span>
    </p>

    <p class='ocr_par' dir='ltr' id='par_1_7' title="bbox 445 1030 1198 1084">
     <span class='ocr_line' id='line_1_17' title="bbox 445 1030 1198 1084; baseline 0.004 -15.113"><span class='ocrx_word' id='word_1_150' title='bbox 445 1045 520 1070; x_wconf 71' lang='lat' dir='ltr'>&#39;tow</span> <span class='ocrx_word' id='word_1_151' title='bbox 533 1030 631 1070; x_wconf 58' lang='grc' dir='ltr'><em>Συοῖι</em></span> <span class='ocrx_word' id='word_1_152' title='bbox 644 1031 783 1076; x_wconf 67' lang='grc' dir='ltr'><em>ὀβολοῖν</em></span> <span class='ocrx_word' id='word_1_153' title='bbox 795 1031 951 1096; x_wconf 79' lang='grc' dir='ltr'><em>ἐθεώρουν</em></span> <span class='ocrx_word' id='word_1_154' title='bbox 964 1033 1021 1071; x_wconf 70' lang='grc' dir='ltr'><em>ἀν.</em></span> <span class='ocrx_word' id='word_1_155' title='bbox 1039 1032 1198 1073; x_wconf 81' lang='lat' dir='ltr'>SOLAN.</span> 
     </span>
    </p>

    <p class='ocr_par' dir='ltr' id='par_1_8' title="bbox 445 1082 1726 1519">
     <span class='ocr_line' id='line_1_18' title="bbox 499 1082 1726 1150; baseline 0.002 -26"><span class='ocrx_word' id='word_1_156' title='bbox 499 1088 572 1124; x_wconf 69' lang='lat' dir='ltr'>ead.</span> <span class='ocrx_word' id='word_1_157' title='bbox 598 1086 621 1124; x_wconf 92' lang='lat' dir='ltr'>l.</span> <span class='ocrx_word' id='word_1_158' title='bbox 642 1102 679 1134; x_wconf 94' lang='grc'>4.</span> <span class='ocrx_word' id='word_1_159' title='bbox 692 1086 755 1126; x_wconf 84' lang='grc' dir='ltr'>Ως</span> <span class='ocrx_word' id='word_1_160' title='bbox 772 1102 838 1126; x_wconf 69' lang='lat' dir='ltr'>mu</span> <span class='ocrx_word' id='word_1_161' title='bbox 859 1082 975 1125; x_wconf 69' lang='grc' dir='ltr'><em>αὐτος</em></span> <span class='ocrx_word' id='word_1_162' title='bbox 991 1109 1037 1118; x_wconf 93' lang='lat'><em>-</em></span> <span class='ocrx_word' id='word_1_163' title='bbox 1056 1086 1239 1150; x_wconf 65' lang='grc' dir='ltr'>ἔφησῖσαι)</span> <span class='ocrx_word' id='word_1_164' title='bbox 1255 1085 1355 1127; x_wconf 90' lang='lat' dir='ltr'>Vel</span> <span class='ocrx_word' id='word_1_165' title='bbox 1347 1097 1398 1126; x_wconf 83' lang='lat' dir='ltr'>ita</span> <span class='ocrx_word' id='word_1_166' title='bbox 1412 1086 1548 1127; x_wconf 78' lang='lat' dir='ltr'>dedisse</span> <span class='ocrx_word' id='word_1_167' title='bbox 1571 1087 1726 1127; x_wconf 86' lang='lat' dir='ltr'>videtur</span> 
     </span>
     <span class='ocr_line' id='line_1_19' title="bbox 447 1135 1726 1191; baseline 0.002 -12"><span class='ocrx_word' id='word_1_168' title='bbox 447 1138 665 1186; x_wconf 55' lang='lat' dir='ltr'>Lucanus,</span> <span class='ocrx_word' id='word_1_169' title='bbox 683 1140 730 1179; x_wconf 63' lang='lat' dir='ltr'>ab</span> <span class='ocrx_word' id='word_1_170' title='bbox 756 1156 819 1179; x_wconf 76' lang='grc' dir='ltr'>και</span> <span class='ocrx_word' id='word_1_171' title='bbox 833 1135 946 1180; x_wconf 70' lang='grc' dir='ltr'><em>αὐτος</em></span> <span class='ocrx_word' id='word_1_172' title='bbox 961 1139 1119 1190; x_wconf 58' lang='grc' dir='ltr'>ἔφησθα</span> <span class='ocrx_word' id='word_1_173' title='bbox 1134 1139 1170 1180; x_wconf 77' lang='grc' dir='ltr'>οὗ</span> <span class='ocrx_word' id='word_1_174' title='bbox 1182 1144 1308 1191; x_wconf 72' lang='grc' dir='ltr'><em>μικρον</em></span> <span class='ocrx_word' id='word_1_175' title='bbox 1322 1137 1412 1182; x_wconf 67' lang='grc' dir='ltr'><em>εἶναι</em></span> <span class='ocrx_word' id='word_1_176' title='bbox 1427 1140 1551 1181; x_wconf 68' lang='grc' dir='ltr'><em>κανών·</em></span> <span class='ocrx_word' id='word_1_177' title='bbox 1568 1141 1658 1182; x_wconf 89' lang='lat' dir='ltr'>vel</span> <span class='ocrx_word' id='word_1_178' title='bbox 1648 1153 1726 1191; x_wconf 81' lang='lat' dir='ltr'>ita,</span> 
     </span>
     <span class='ocr_line' id='line_1_20' title="bbox 448 1190 1722 1245; baseline 0.002 -13"><span class='ocrx_word' id='word_1_179' title='bbox 448 1190 497 1232; x_wconf 73' lang='grc' dir='ltr'>ὧς</span> <span class='ocrx_word' id='word_1_180' title='bbox 511 1209 544 1232; x_wconf 79' lang='grc' dir='ltr'>κ.</span> <span class='ocrx_word' id='word_1_181' title='bbox 559 1207 599 1232; x_wconf 77' lang='grc' dir='ltr'>οι.</span> <span class='ocrx_word' id='word_1_182' title='bbox 613 1208 639 1234; x_wconf 84' lang='grc' dir='ltr'>ε.</span> <span class='ocrx_word' id='word_1_183' title='bbox 653 1211 692 1233; x_wconf 91' lang='grc' dir='ltr'>ου</span> <span class='ocrx_word' id='word_1_184' title='bbox 703 1209 746 1244; x_wconf 87' lang='grc' dir='ltr'>μ.</span> <span class='ocrx_word' id='word_1_185' title='bbox 761 1193 844 1234; x_wconf 73' lang='grc' dir='ltr'>ἐστι</span> <span class='ocrx_word' id='word_1_186' title='bbox 857 1195 985 1234; x_wconf 74' lang='grc' dir='ltr'><em>κακόν.</em></span> <span class='ocrx_word' id='word_1_187' title='bbox 998 1194 1093 1234; x_wconf 86' lang='lat' dir='ltr'>Illud</span> <span class='ocrx_word' id='word_1_188' title='bbox 1104 1196 1205 1234; x_wconf 84' lang='lat' dir='ltr'>enim</span> <span class='ocrx_word' id='word_1_189' title='bbox 1218 1194 1312 1235; x_wconf 59' lang='grc' dir='ltr'>ὤφθη</span> <span class='ocrx_word' id='word_1_190' title='bbox 1326 1195 1404 1235; x_wconf 91' lang='lat' dir='ltr'>huc</span> <span class='ocrx_word' id='word_1_191' title='bbox 1416 1207 1617 1245; x_wconf 75' lang='lat' dir='ltr'>revooere,</span> <span class='ocrx_word' id='word_1_192' title='bbox 1630 1208 1722 1235; x_wconf 90' lang='lat' dir='ltr'>cum</span> 
     </span>
     <span class='ocr_line' id='line_1_21' title="bbox 446 1248 1725 1298; baseline 0.002 -12"><span class='ocrx_word' id='word_1_193' title='bbox 446 1248 520 1287; x_wconf 84' lang='lat' dir='ltr'>alia</span> <span class='ocrx_word' id='word_1_194' title='bbox 548 1248 620 1287; x_wconf 84' lang='lat' dir='ltr'>iam</span> <span class='ocrx_word' id='word_1_195' title='bbox 652 1248 889 1288; x_wconf 68' lang='grc' dir='ltr'>εοηίὶτυξὶὶο</span> <span class='ocrx_word' id='word_1_196' title='bbox 915 1248 1188 1298; x_wconf 81' lang='lat' dir='ltr'>intercesserit,</span> <span class='ocrx_word' id='word_1_197' title='bbox 1223 1249 1428 1289; x_wconf 81' lang='lat' dir='ltr'>videbatur</span> <span class='ocrx_word' id='word_1_198' title='bbox 1451 1249 1725 1291; x_wconf 86' lang='lat' dir='ltr'>duriusculum.</span> 
     </span>
     <span class='ocr_line' id='line_1_22' title="bbox 446 1299 1725 1356; baseline 0.002 -14"><span class='ocrx_word' id='word_1_199' title='bbox 446 1302 578 1342; x_wconf 76' lang='lat' dir='ltr'>GESN.</span> <span class='ocrx_word' id='word_1_200' title='bbox 595 1302 688 1342; x_wconf 85' lang='lat' dir='ltr'>Non</span> <span class='ocrx_word' id='word_1_201' title='bbox 706 1303 903 1350; x_wconf 78' lang='lat' dir='ltr'>dubitavi,</span> <span class='ocrx_word' id='word_1_202' title='bbox 917 1316 1008 1342; x_wconf 90' lang='lat' dir='ltr'>cum</span> <span class='ocrx_word' id='word_1_203' title='bbox 1029 1303 1174 1343; x_wconf 85' lang='lat' dir='ltr'>Solano</span> <span class='ocrx_word' id='word_1_204' title='bbox 1189 1299 1316 1342; x_wconf 84' lang='lat' dir='ltr'>illud</span> <span class='ocrx_word' id='word_1_205' title='bbox 1295 1318 1359 1350; x_wconf 78' lang='grc' dir='ltr'>ως,</span> <span class='ocrx_word' id='word_1_206' title='bbox 1379 1304 1487 1356; x_wconf 87' lang='lat' dir='ltr'>quod</span> <span class='ocrx_word' id='word_1_207' title='bbox 1501 1304 1584 1343; x_wconf 90' lang='lat' dir='ltr'>edd.</span> <span class='ocrx_word' id='word_1_208' title='bbox 1607 1304 1725 1344; x_wconf 88' lang='lat' dir='ltr'>habe·</span> 
     </span>
     <span class='ocr_line' id='line_1_23' title="bbox 445 1356 1722 1422; baseline 0.002 -27"><span class='ocrx_word' id='word_1_209' title='bbox 445 1356 561 1403; x_wconf 84' lang='lat' dir='ltr'>bant,</span> <span class='ocrx_word' id='word_1_210' title='bbox 576 1367 787 1422; x_wconf 86' lang='lat' dir='ltr'>praeeunte</span> <span class='ocrx_word' id='word_1_211' title='bbox 800 1356 899 1396; x_wconf 88' lang='lat' dir='ltr'>Cod.</span> <span class='ocrx_word' id='word_1_212' title='bbox 913 1357 952 1396; x_wconf 89' lang='lat' dir='ltr'>P.</span> <span class='ocrx_word' id='word_1_213' title='bbox 971 1357 1132 1406; x_wconf 80' lang='lat' dir='ltr'>eiicer3e</span> <span class='ocrx_word' id='word_1_214' title='bbox 1153 1370 1241 1396; x_wconf 88' lang='lat' dir='ltr'>nam</span> <span class='ocrx_word' id='word_1_215' title='bbox 1260 1356 1312 1397; x_wconf 88' lang='lat' dir='ltr'>fic</span> <span class='ocrx_word' id='word_1_216' title='bbox 1324 1356 1451 1398; x_wconf 87' lang='lat' dir='ltr'>sensus</span> <span class='ocrx_word' id='word_1_217' title='bbox 1463 1357 1507 1397; x_wconf 79' lang='lat' dir='ltr'>fit</span> <span class='ocrx_word' id='word_1_218' title='bbox 1520 1358 1678 1411; x_wconf 86' lang='lat' dir='ltr'>planus·</span> <span class='ocrx_word' id='word_1_219' title='bbox 1693 1356 1722 1398; x_wconf 86' lang='lat' dir='ltr'>fi</span> 
     </span>
     <span class='ocr_line' id='line_1_24' title="bbox 446 1408 1724 1464; baseline 0.002 -15"><span class='ocrx_word' id='word_1_220' title='bbox 446 1411 551 1449; x_wconf 89' lang='lat' dir='ltr'>enim</span> <span class='ocrx_word' id='word_1_221' title='bbox 565 1409 612 1450; x_wconf 79' lang='grc' dir='ltr'>ὦς</span> <span class='ocrx_word' id='word_1_222' title='bbox 624 1411 808 1457; x_wconf 78' lang='lat' dir='ltr'>retineas,</span> <span class='ocrx_word' id='word_1_223' title='bbox 822 1411 915 1451; x_wconf 88' lang='lat' dir='ltr'>illud</span> <span class='ocrx_word' id='word_1_224' title='bbox 927 1408 1130 1464; x_wconf 88' lang='lat' dir='ltr'>sequens</span> <span class='ocrx_word' id='word_1_225' title='bbox 1101 1416 1197 1452; x_wconf 74' lang='grc' dir='ltr'><em>εῖναι</em></span> <span class='ocrx_word' id='word_1_226' title='bbox 1211 1412 1250 1451; x_wconf 90' lang='lat' dir='ltr'>in</span> <span class='ocrx_word' id='word_1_227' title='bbox 1263 1411 1373 1451; x_wconf 72' lang='grc' dir='ltr'><em>ἔσται</em></span> <span class='ocrx_word' id='word_1_228' title='bbox 1388 1411 1486 1451; x_wconf 87' lang='lat' dir='ltr'>vel&#39;</span> <span class='ocrx_word' id='word_1_229' title='bbox 1471 1426 1554 1452; x_wconf 78' lang='grc' dir='ltr'>εστι</span> <span class='ocrx_word' id='word_1_230' title='bbox 1571 1424 1724 1453; x_wconf 82' lang='lat' dir='ltr'>mutan-</span> 
     </span>
     <span class='ocr_line' id='line_1_25' title="bbox 446 1464 1725 1529; baseline 0.002 -26"><span class='ocrx_word' id='word_1_231' title='bbox 446 1465 538 1503; x_wconf 90' lang='lat' dir='ltr'>dum</span> <span class='ocrx_word' id='word_1_232' title='bbox 554 1464 676 1514; x_wconf 87' lang='lat' dir='ltr'>foret,</span> <span class='ocrx_word' id='word_1_233' title='bbox 693 1475 737 1504; x_wconf 90' lang='lat' dir='ltr'>ut</span> <span class='ocrx_word' id='word_1_234' title='bbox 756 1478 900 1506; x_wconf 85' lang='lat' dir='ltr'>nexum</span> <span class='ocrx_word' id='word_1_235' title='bbox 923 1465 1113 1529; x_wconf 82' lang='lat' dir='ltr'>indaganti</span> <span class='ocrx_word' id='word_1_236' title='bbox 1131 1466 1287 1519; x_wconf 88' lang='lat' dir='ltr'>patebit.</span> <span class='ocrx_word' id='word_1_237' title='bbox 1302 1465 1521 1506; x_wconf 84' lang='lat' dir='ltr'>Ceterum&#39;</span> <span class='ocrx_word' id='word_1_238' title='bbox 1506 1481 1542 1505; x_wconf 84' lang='grc' dir='ltr'><em>εν</em></span> <span class='ocrx_word' id='word_1_239' title='bbox 1560 1465 1617 1517; x_wconf 71' lang='grc' dir='ltr'>τῷ</span> <span class='ocrx_word' id='word_1_240' title='bbox 1635 1480 1725 1519; x_wconf 81' lang='grc' dir='ltr'><strong><em>συρ-</em></strong></span> 
     </span>
    </p>
   </div>
   <div class='ocr_carea' id='block_1_6' title="bbox 448 1495 1835 1575">
    <p class='ocr_par' dir='ltr' id='par_1_9' title="bbox 448 1495 1835 1575">
     <span class='ocr_line' id='line_1_26' title="bbox 448 1495 1835 1575; baseline 0.003 -18"><span class='ocrx_word' id='word_1_241' title='bbox 448 1517 548 1568; x_wconf 80' lang='grc' dir='ltr'>φετῷ</span> <span class='ocrx_word' id='word_1_242' title='bbox 563 1495 880 1571; x_wconf 59' lang='grc' dir='ltr'>παρεῖτολεῒσῦοιι</span> <span class='ocrx_word' id='word_1_243' title='bbox 906 1514 943 1559; x_wconf 81' lang='grc' dir='ltr'>οὗ</span> <span class='ocrx_word' id='word_1_244' title='bbox 967 1535 1098 1573; x_wconf 79' lang='grc' dir='ltr'><em>μικρον</em></span> <span class='ocrx_word' id='word_1_245' title='bbox 1113 1520 1460 1569; x_wconf 63' lang='lat' dir='ltr'>naenbv‚habu1mus</span> <span class='ocrx_word' id='word_1_246' title='bbox 1475 1520 1589 1562; x_wconf 86' lang='lat' dir='ltr'>etiam</span> <span class='ocrx_word' id='word_1_247' title='bbox 1610 1519 1724 1575; x_wconf 87' lang='lat' dir='ltr'>supra</span> <span class='ocrx_word' id='word_1_248' title='bbox 1788 1530 1791 1535; x_wconf 72' lang='grc'>’</span> <span class='ocrx_word' id='word_1_249' title='bbox 1834 1527 1835 1534; x_wconf 75' lang='grc'>’</span> 
     </span>
    </p>
   </div>
   <div class='ocr_carea' id='block_1_7' title="bbox 446 1573 1726 2494">
    <p class='ocr_par' dir='ltr' id='par_1_10' title="bbox 449 1573 764 1625">
     <span class='ocr_line' id='line_1_27' title="bbox 449 1573 764 1625; baseline 0 -13"><span class='ocrx_word' id='word_1_250' title='bbox 449 1585 535 1625; x_wconf 91' lang='lat' dir='ltr'>cap.</span> <span class='ocrx_word' id='word_1_251' title='bbox 561 1589 594 1613; x_wconf 89' lang='lat'>2.</span> <span class='ocrx_word' id='word_1_252' title='bbox 616 1573 764 1612; x_wconf 76' lang='lat' dir='ltr'>Rmz.</span> 
     </span>
    </p>

    <p class='ocr_par' dir='ltr' id='par_1_11' title="bbox 504 1627 1432 1682">
     <span class='ocr_line' id='line_1_28' title="bbox 504 1627 1432 1682; baseline 0.001 -16"><span class='ocrx_word' id='word_1_253' title='bbox 504 1629 586 1668; x_wconf 78' lang='lat' dir='ltr'>ibid.</span> <span class='ocrx_word' id='word_1_254' title='bbox 598 1627 681 1667; x_wconf 82' lang='lat' dir='ltr'>’&#39;Ev</span> <span class='ocrx_word' id='word_1_255' title='bbox 663 1642 766 1681; x_wconf 72' lang='grc' dir='ltr'>αρχκ</span> <span class='ocrx_word' id='word_1_256' title='bbox 751 1627 797 1681; x_wconf 90' lang='grc'>)</span> <span class='ocrx_word' id='word_1_257' title='bbox 816 1629 855 1667; x_wconf 82' lang='lat' dir='ltr'>In</span> <span class='ocrx_word' id='word_1_258' title='bbox 870 1628 975 1668; x_wconf 82' lang='lat' dir='ltr'>huius</span> <span class='ocrx_word' id='word_1_259' title='bbox 993 1628 1174 1682; x_wconf 77' lang='lat' dir='ltr'>Dialogz&#39;</span> <span class='ocrx_word' id='word_1_260' title='bbox 1160 1629 1271 1669; x_wconf 77' lang='lat' dir='ltr'>mitio.</span> <span class='ocrx_word' id='word_1_261' title='bbox 1291 1629 1432 1670; x_wconf 87' lang='lat' dir='ltr'>BROD.</span> 
     </span>
    </p>

    <p class='ocr_par' dir='ltr' id='par_1_12' title="bbox 446 1680 1726 1844">
     <span class='ocr_line' id='line_1_29' title="bbox 504 1680 1726 1736; baseline 0.002 -16"><span class='ocrx_word' id='word_1_262' title='bbox 504 1684 578 1722; x_wconf 74' lang='lat' dir='ltr'>ead.</span> <span class='ocrx_word' id='word_1_263' title='bbox 592 1682 614 1721; x_wconf 92' lang='lat' dir='ltr'>l.</span> <span class='ocrx_word' id='word_1_264' title='bbox 632 1695 690 1721; x_wconf 87' lang='lat'>10.</span> <span class='ocrx_word' id='word_1_265' title='bbox 705 1685 815 1721; x_wconf 67' lang='grc' dir='ltr'>Κατὰ</span> <span class='ocrx_word' id='word_1_266' title='bbox 829 1697 895 1722; x_wconf 69' lang='grc' dir='ltr'>την</span> <span class='ocrx_word' id='word_1_267' title='bbox 905 1684 1128 1736; x_wconf 64' lang='grc' dir='ltr'><em>παροιμίαν)</em></span> <span class='ocrx_word' id='word_1_268' title='bbox 1143 1683 1203 1723; x_wconf 79' lang='lat' dir='ltr'>Sic</span> <span class='ocrx_word' id='word_1_269' title='bbox 1217 1683 1293 1732; x_wconf 86' lang='lat' dir='ltr'>illa,</span> <span class='ocrx_word' id='word_1_270' title='bbox 1309 1682 1427 1723; x_wconf 71' lang='grc' dir='ltr'><em>ἄλλην</em></span> <span class='ocrx_word' id='word_1_271' title='bbox 1438 1682 1506 1733; x_wconf 81' lang='grc' dir='ltr'><em>μὲν</em></span> <span class='ocrx_word' id='word_1_272' title='bbox 1523 1680 1726 1735; x_wconf 66' lang='grc' dir='ltr'><em>ἐξαντλοῦ-</em></span> 
     </span>
     <span class='ocr_line' id='line_1_30' title="bbox 446 1734 1726 1797; baseline 0.003 -23"><span class='ocrx_word' id='word_1_273' title='bbox 446 1749 531 1787; x_wconf 80' lang='grc' dir='ltr'><em>μεν,</em></span> <span class='ocrx_word' id='word_1_274' title='bbox 545 1734 563 1776; x_wconf 74' lang='grc' dir='ltr'><strong>ὗ</strong></span> <span class='ocrx_word' id='word_1_275' title='bbox 586 1735 658 1774; x_wconf 54' lang='grc' dir='ltr'>δὲ’</span> <span class='ocrx_word' id='word_1_276' title='bbox 645 1735 812 1788; x_wconf 76' lang='grc' dir='ltr'><em>επιῤῥέει·</em></span> <span class='ocrx_word' id='word_1_277' title='bbox 827 1735 986 1777; x_wconf 87' lang='lat' dir='ltr'>consule</span> <span class='ocrx_word' id='word_1_278' title='bbox 995 1738 1380 1797; x_wconf 85' lang='lat' dir='ltr'>paroemiographos.</span> <span class='ocrx_word' id='word_1_279' title='bbox 1392 1737 1439 1776; x_wconf 89' lang='lat' dir='ltr'>In</span> <span class='ocrx_word' id='word_1_280' title='bbox 1457 1737 1610 1792; x_wconf 86' lang='lat' dir='ltr'>Anglic.</span> <span class='ocrx_word' id='word_1_281' title='bbox 1624 1737 1726 1779; x_wconf 91' lang='lat' dir='ltr'>Cod.</span> 
     </span>
     <span class='ocr_line' id='line_1_31' title="bbox 447 1791 1461 1844; baseline 0.002 -15"><span class='ocrx_word' id='word_1_282' title='bbox 447 1791 619 1829; x_wconf 86' lang='lat' dir='ltr'>dramata</span> <span class='ocrx_word' id='word_1_283' title='bbox 633 1791 795 1843; x_wconf 86' lang='lat' dir='ltr'>paginae</span> <span class='ocrx_word' id='word_1_284' title='bbox 810 1805 828 1842; x_wconf 85' lang='lat'><em>3</em></span> <span class='ocrx_word' id='word_1_285' title='bbox 841 1804 853 1828; x_wconf 90' lang='lat'>1</span> <span class='ocrx_word' id='word_1_286' title='bbox 867 1806 882 1841; x_wconf 88' lang='lat'>5</span> <span class='ocrx_word' id='word_1_287' title='bbox 898 1803 1060 1831; x_wconf 88' lang='lat' dir='ltr'>ommno</span> <span class='ocrx_word' id='word_1_288' title='bbox 1072 1803 1269 1844; x_wconf 88' lang='lat' dir='ltr'>corrupta.</span> <span class='ocrx_word' id='word_1_289' title='bbox 1286 1792 1461 1832; x_wconf 83' lang='lat' dir='ltr'>BOURD.</span> 
     </span>
    </p>

    <p class='ocr_par' dir='ltr' id='par_1_13' title="bbox 449 1843 1726 2384">
     <span class='ocr_line' id='line_1_32' title="bbox 505 1843 1726 1897; baseline 0.002 -14"><span class='ocrx_word' id='word_1_290' title='bbox 505 1848 578 1885; x_wconf 85' lang='lat' dir='ltr'>ead.</span> <span class='ocrx_word' id='word_1_291' title='bbox 596 1846 618 1885; x_wconf 91' lang='lat' dir='ltr'>l.</span> <span class='ocrx_word' id='word_1_292' title='bbox 639 1859 653 1882; x_wconf 94' lang='lat'>1</span> <span class='ocrx_word' id='word_1_293' title='bbox 668 1844 750 1883; x_wconf 80' lang='lat' dir='ltr'>1.‘O</span> <span class='ocrx_word' id='word_1_294' title='bbox 765 1843 839 1883; x_wconf 69' lang='grc' dir='ltr'>τῶν</span> <span class='ocrx_word' id='word_1_295' title='bbox 852 1844 1057 1885; x_wconf 52' lang='lat' dir='ltr'>Amans&amp;</span> <span class='ocrx_word' id='word_1_296' title='bbox 1076 1845 1179 1885; x_wconf 68' lang='grc' dir='ltr'><em>πίθος</em></span> <span class='ocrx_word' id='word_1_297' title='bbox 1231 1845 1435 1886; x_wconf 74' lang='lat' dir='ltr'>Erasmus</span> <span class='ocrx_word' id='word_1_298' title='bbox 1426 1858 1464 1885; x_wconf 89' lang='lat' dir='ltr'>m</span> <span class='ocrx_word' id='word_1_299' title='bbox 1484 1845 1726 1897; x_wconf 89' lang='lat' dir='ltr'>proverbio,</span> 
     </span>
     <span class='ocr_line' id='line_1_33' title="bbox 451 1899 1726 1953; baseline 0.002 -15"><span class='ocrx_word' id='word_1_300' title='bbox 451 1900 661 1938; x_wconf 69' lang='lat' dir='ltr'>Danaidum</span> <span class='ocrx_word' id='word_1_301' title='bbox 679 1900 818 1938; x_wconf 84' lang='lat' dir='ltr'>dolium.</span> <span class='ocrx_word' id='word_1_302' title='bbox 832 1899 974 1939; x_wconf 86' lang='lat' dir='ltr'>BROD.</span> <span class='ocrx_word' id='word_1_303' title='bbox 988 1899 1188 1940; x_wconf 60' lang='lat' dir='ltr'>Aavaxffiv</span> <span class='ocrx_word' id='word_1_304' title='bbox 1221 1900 1340 1953; x_wconf 89' lang='lat' dir='ltr'>Apud</span> <span class='ocrx_word' id='word_1_305' title='bbox 1354 1899 1632 1940; x_wconf 81' lang='lat' dir='ltr'>alioslcribitur</span> <span class='ocrx_word' id='word_1_306' title='bbox 1647 1902 1726 1941; x_wconf 84' lang='lat' dir='ltr'>alio</span> 
     </span>
     <span class='ocr_line' id='line_1_34' title="bbox 450 1952 1723 2007; baseline 0.002 -16"><span class='ocrx_word' id='word_1_307' title='bbox 450 1952 864 1999; x_wconf 62' lang='lat' dir='ltr'>accentu,A0w021&#39;·.smv</span> <span class='ocrx_word' id='word_1_308' title='bbox 881 1953 927 1992; x_wconf 89' lang='lat' dir='ltr'>In</span> <span class='ocrx_word' id='word_1_309' title='bbox 943 1954 1030 1992; x_wconf 86' lang='lat' dir='ltr'>Par.</span> <span class='ocrx_word' id='word_1_310' title='bbox 1044 1965 1125 1993; x_wconf 90' lang='lat' dir='ltr'>erat</span> <span class='ocrx_word' id='word_1_311' title='bbox 1139 1953 1275 1994; x_wconf 90' lang='lat' dir='ltr'>vitiose</span> <span class='ocrx_word' id='word_1_312' title='bbox 1289 1953 1492 1994; x_wconf 56' lang='grc' dir='ltr'>Δειναῖὣων</span> <span class='ocrx_word' id='word_1_313' title='bbox 1508 1954 1647 2007; x_wconf 88' lang='lat' dir='ltr'>duplici</span> <span class='ocrx_word' id='word_1_314' title='bbox 1658 1966 1723 1994; x_wconf 88' lang='lat' dir='ltr'>ac-</span> 
     </span>
     <span class='ocr_line' id='line_1_35' title="bbox 453 2006 1723 2062; baseline 0.002 -16"><span class='ocrx_word' id='word_1_315' title='bbox 453 2019 584 2048; x_wconf 89' lang='lat' dir='ltr'>centu.</span> <span class='ocrx_word' id='word_1_316' title='bbox 597 1982 737 2046; x_wconf 59' lang='lat' dir='ltr'>A&#39;tnos</span> <span class='ocrx_word' id='word_1_317' title='bbox 752 2006 973 2060; x_wconf 89' lang='lat' dir='ltr'>scripturam</span> <span class='ocrx_word' id='word_1_318' title='bbox 990 2007 1071 2048; x_wconf 90' lang='lat' dir='ltr'>edd.</span> <span class='ocrx_word' id='word_1_319' title='bbox 1085 2008 1114 2048; x_wconf 92' lang='grc'>1.</span> <span class='ocrx_word' id='word_1_320' title='bbox 1131 2009 1218 2047; x_wconf 82' lang='lat' dir='ltr'>Ald.</span> <span class='ocrx_word' id='word_1_321' title='bbox 1232 2009 1279 2047; x_wconf 90' lang='lat' dir='ltr'>B.</span> <span class='ocrx_word' id='word_1_322' title='bbox 1294 2022 1328 2047; x_wconf 90' lang='lat'>2.</span> <span class='ocrx_word' id='word_1_323' title='bbox 1342 2009 1434 2048; x_wconf 71' lang='grc' dir='ltr'>διδ.</span> <span class='ocrx_word' id='word_1_324' title='bbox 1451 2009 1527 2049; x_wconf 88' lang='lat' dir='ltr'>&amp;c.</span> <span class='ocrx_word' id='word_1_325' title='bbox 1541 2007 1723 2062; x_wconf 75' lang='lat' dir='ltr'>expressi·</span> 
     </span>
     <span class='ocr_line' id='line_1_36' title="bbox 450 2061 1723 2127; baseline 0.001 -26"><span class='ocrx_word' id='word_1_326' title='bbox 450 2075 556 2110; x_wconf 85' lang='lat' dir='ltr'>mus,</span> <span class='ocrx_word' id='word_1_327' title='bbox 575 2074 676 2127; x_wconf 89' lang='lat' dir='ltr'>quae</span> <span class='ocrx_word' id='word_1_328' title='bbox 688 2061 984 2102; x_wconf 83' lang='lat' dir='ltr'>circumflexum</span> <span class='ocrx_word' id='word_1_329' title='bbox 1000 2062 1233 2115; x_wconf 87' lang='lat' dir='ltr'>agnoscunt,</span> <span class='ocrx_word' id='word_1_330' title='bbox 1252 2061 1355 2103; x_wconf 61' lang='lat' dir='ltr'>reete</span> <span class='ocrx_word' id='word_1_331' title='bbox 1366 2063 1543 2116; x_wconf 82' lang='lat' dir='ltr'>quidem,</span> <span class='ocrx_word' id='word_1_332' title='bbox 1561 2061 1590 2101; x_wconf 84' lang='lat' dir='ltr'><strong>fi</strong></span> <span class='ocrx_word' id='word_1_333' title='bbox 1604 2061 1653 2102; x_wconf 84' lang='lat' dir='ltr'>ab</span> <span class='ocrx_word' id='word_1_334' title='bbox 1665 2075 1723 2102; x_wconf 89' lang='lat' dir='ltr'>re-</span> 
     </span>
     <span class='ocr_line' id='line_1_37' title="bbox 450 2114 1723 2170; baseline 0.002 -16"><span class='ocrx_word' id='word_1_335' title='bbox 450 2114 518 2155; x_wconf 74' lang='grc' dir='ltr'>ἃο</span> <span class='ocrx_word' id='word_1_336' title='bbox 542 2114 744 2155; x_wconf 60' lang='grc' dir='ltr'>Δειναῖἓνς</span> <span class='ocrx_word' id='word_1_337' title='bbox 766 2115 979 2164; x_wconf 79' lang='lat' dir='ltr'>formetur3</span> <span class='ocrx_word' id='word_1_338' title='bbox 999 2116 1104 2168; x_wconf 91' lang='lat' dir='ltr'>quod</span> <span class='ocrx_word' id='word_1_339' title='bbox 1123 2127 1206 2156; x_wconf 88' lang='lat' dir='ltr'>tum</span> <span class='ocrx_word' id='word_1_340' title='bbox 1229 2117 1449 2156; x_wconf 85' lang='lat' dir='ltr'>communis</span> <span class='ocrx_word' id='word_1_341' title='bbox 1471 2116 1617 2170; x_wconf 85' lang='lat' dir='ltr'>generis</span> <span class='ocrx_word' id='word_1_342' title='bbox 1638 2129 1723 2157; x_wconf 85' lang='lat' dir='ltr'>cre-</span> 
     </span>
     <span class='ocr_line' id='line_1_38' title="bbox 450 2169 1721 2222; baseline 0.002 -14"><span class='ocrx_word' id='word_1_343' title='bbox 450 2170 639 2210; x_wconf 88' lang='lat' dir='ltr'>dendum:</span> <span class='ocrx_word' id='word_1_344' title='bbox 656 2170 692 2208; x_wconf 89' lang='lat' dir='ltr'>id</span> <span class='ocrx_word' id='word_1_345' title='bbox 707 2172 813 2222; x_wconf 87' lang='lat' dir='ltr'>quod</span> <span class='ocrx_word' id='word_1_346' title='bbox 828 2181 956 2210; x_wconf 89' lang='lat' dir='ltr'>tamen</span> <span class='ocrx_word' id='word_1_347' title='bbox 969 2171 1037 2209; x_wconf 81' lang='lat' dir='ltr'>vix</span> <span class='ocrx_word' id='word_1_348' title='bbox 1051 2170 1143 2209; x_wconf 86' lang='lat' dir='ltr'>mihi</span> <span class='ocrx_word' id='word_1_349' title='bbox 1156 2171 1392 2222; x_wconf 90' lang='lat' dir='ltr'>persuadeo,</span> <span class='ocrx_word' id='word_1_350' title='bbox 1405 2169 1466 2211; x_wconf 92' lang='lat' dir='ltr'>sed</span> <span class='ocrx_word' id='word_1_351' title='bbox 1481 2171 1623 2211; x_wconf 68' lang='lat' dir='ltr'>reffius</span> <span class='ocrx_word' id='word_1_352' title='bbox 1631 2183 1721 2212; x_wconf 89' lang='lat' dir='ltr'>cum</span> 
     </span>
     <span class='ocr_line' id='line_1_39' title="bbox 449 2223 1722 2272; baseline -0.001 -9"><span class='ocrx_word' id='word_1_353' title='bbox 449 2224 564 2263; x_wconf 86' lang='lat' dir='ltr'>Suida</span> <span class='ocrx_word' id='word_1_354' title='bbox 576 2223 780 2263; x_wconf 51' lang='grc' dir='ltr'><em>Δαναΐδων</em></span> <span class='ocrx_word' id='word_1_355' title='bbox 803 2223 1040 2264; x_wconf 85' lang='lat' dir='ltr'>scribendum</span> <span class='ocrx_word' id='word_1_356' title='bbox 1061 2224 1240 2264; x_wconf 87' lang='lat' dir='ltr'>existimo</span> <span class='ocrx_word' id='word_1_357' title='bbox 1257 2238 1279 2264; x_wconf 91' lang='lat' dir='ltr'>a</span> <span class='ocrx_word' id='word_1_358' title='bbox 1297 2225 1540 2265; x_wconf 86' lang='lat' dir='ltr'>nominativo</span> <span class='ocrx_word' id='word_1_359' title='bbox 1563 2223 1722 2272; x_wconf 58' lang='lat' dir='ltr'>Advenit,</span> 
     </span>
     <span class='ocr_line' id='line_1_40' title="bbox 452 2278 1722 2330; baseline 0.002 -14"><span class='ocrx_word' id='word_1_360' title='bbox 452 2288 497 2316; x_wconf 89' lang='lat' dir='ltr'>ut</span> <span class='ocrx_word' id='word_1_361' title='bbox 518 2279 644 2325; x_wconf 77' lang='grc' dir='ltr'>ἐλπὶς,</span> <span class='ocrx_word' id='word_1_362' title='bbox 665 2278 842 2324; x_wconf 54' lang='grc' dir='ltr'>ἐλπίδων,</span> <span class='ocrx_word' id='word_1_363' title='bbox 855 2280 1037 2330; x_wconf 71' lang='grc' dir='ltr'>λαμπὰς,</span> <span class='ocrx_word' id='word_1_364' title='bbox 1058 2278 1294 2330; x_wconf 61' lang='grc' dir='ltr'><em>λαμπάδων.</em></span> <span class='ocrx_word' id='word_1_365' title='bbox 1311 2279 1467 2318; x_wconf 89' lang='lat' dir='ltr'>Interim</span> <span class='ocrx_word' id='word_1_366' title='bbox 1485 2278 1722 2319; x_wconf 84' lang='lat' dir='ltr'>constantem</span> 
     </span>
     <span class='ocr_line' id='line_1_41' title="bbox 451 2331 1686 2384; baseline 0 -13"><span class='ocrx_word' id='word_1_367' title='bbox 451 2343 546 2371; x_wconf 84' lang='lat' dir='ltr'>vett.</span> <span class='ocrx_word' id='word_1_368' title='bbox 562 2332 643 2371; x_wconf 92' lang='lat' dir='ltr'>edd.</span> <span class='ocrx_word' id='word_1_369' title='bbox 665 2331 872 2372; x_wconf 72' lang='lat' dir='ltr'>leffionem</span> <span class='ocrx_word' id='word_1_370' title='bbox 889 2331 1104 2384; x_wconf 80' lang='lat' dir='ltr'>expreffiss&#39;e</span> <span class='ocrx_word' id='word_1_371' title='bbox 1116 2333 1206 2372; x_wconf 78' lang='lat' dir='ltr'>mihi</span> <span class='ocrx_word' id='word_1_372' title='bbox 1218 2332 1338 2373; x_wconf 77' lang='lat' dir='ltr'>fraudi</span> <span class='ocrx_word' id='word_1_373' title='bbox 1353 2345 1435 2372; x_wconf 91' lang='lat' dir='ltr'>non</span> <span class='ocrx_word' id='word_1_374' title='bbox 1445 2333 1527 2373; x_wconf 90' lang='lat' dir='ltr'>erit.</span> <span class='ocrx_word' id='word_1_375' title='bbox 1542 2332 1686 2372; x_wconf 72' lang='lat' dir='ltr'>Rtxrz.</span> 
     </span>
    </p>

    <p class='ocr_par' dir='ltr' id='par_1_14' title="bbox 454 2385 1724 2494">
     <span class='ocr_line' id='line_1_42' title="bbox 510 2385 1724 2441; baseline 0.003 -19"><span class='ocrx_word' id='word_1_376' title='bbox 510 2386 599 2437; x_wconf 82' lang='lat' dir='ltr'>Pag.</span> <span class='ocrx_word' id='word_1_377' title='bbox 620 2386 682 2425; x_wconf 90' lang='lat'>82.</span> <span class='ocrx_word' id='word_1_378' title='bbox 695 2387 719 2425; x_wconf 92' lang='lat' dir='ltr'>l.</span> <span class='ocrx_word' id='word_1_379' title='bbox 737 2398 768 2436; x_wconf 81' lang='lat'>3.</span> <span class='ocrx_word' id='word_1_380' title='bbox 782 2385 1008 2441; x_wconf 73' lang='grc' dir='ltr'><em>Ἂκαριαιῑον)</em></span> <span class='ocrx_word' id='word_1_381' title='bbox 1032 2387 1179 2428; x_wconf 88' lang='lat' dir='ltr'>Confer</span> <span class='ocrx_word' id='word_1_382' title='bbox 1195 2386 1306 2441; x_wconf 86' lang='lat' dir='ltr'>supra</span> <span class='ocrx_word' id='word_1_383' title='bbox 1320 2400 1402 2441; x_wconf 89' lang='lat' dir='ltr'>cap.</span> <span class='ocrx_word' id='word_1_384' title='bbox 1425 2388 1450 2430; x_wconf 92' lang='lat'>6</span> <span class='ocrx_word' id='word_1_385' title='bbox 1467 2386 1533 2427; x_wconf 85' lang='lat' dir='ltr'>fin.</span> <span class='ocrx_word' id='word_1_386' title='bbox 1557 2386 1604 2427; x_wconf 89' lang='lat' dir='ltr'>Et</span> <span class='ocrx_word' id='word_1_387' title='bbox 1624 2385 1724 2426; x_wconf 83' lang='lat' dir='ltr'>infra</span> 
     </span>
     <span class='ocr_line' id='line_1_43' title="bbox 454 2439 878 2494; baseline 0.005 -17"><span class='ocrx_word' id='word_1_388' title='bbox 454 2439 608 2494; x_wconf 70' lang='grc' dir='ltr'>Σύγγρ-</span> <span class='ocrx_word' id='word_1_389' title='bbox 623 2453 655 2485; x_wconf 83' lang='lat' dir='ltr'>c</span> <span class='ocrx_word' id='word_1_390' title='bbox 669 2453 707 2494; x_wconf 86' lang='lat'>7·</span> <span class='ocrx_word' id='word_1_391' title='bbox 721 2439 878 2482; x_wconf 72' lang='lat' dir='ltr'>SOLAN.</span> 
     </span>
    </p>
   </div>
   <div class='ocr_carea' id='block_1_8' title="bbox 1779 0 1841 3180">
    <p class='ocr_par' dir='ltr' id='par_1_15' title="bbox 1779 0 1841 3180">
     <span class='ocr_line' id='line_1_44' title="bbox 1779 0 1841 3180; baseline 0 0"><span class='ocrx_word' id='word_1_392' title='bbox 1779 0 1841 3180; x_wconf 95' lang='lat' dir='ltr'> </span> 
     </span>
    </p>
   </div>
  </div>
 </body>
</html>
