1768 3185
289 147 364 194 IN
398 146 822 195 HERODOTUM
858 147 998 195 SIVE
1033 147 1171 196 AET.
1279 170 1369 220 435

94 234 178 276 vita
192 247 229 289 p.
246 234 324 288 496
335 265 348 284 ‚
363 233 497 287 ἔθελγε
515 233 582 275 τὴν
601 233 776 275 Ἑλλάδ’*οι
790 235 824 276 ἐν
835 234 1035 286 Ὀλυμπίᾳ
1050 236 1180 291 λόγοις
1194 242 1375 283 ποικίλοις

93 290 160 330 aa)
173 290 492 342 πεφροντισμένως
508 286 561 329 εὖ.
577 289 736 328 SOLAN.

148 347 224 383 ead.
238 345 262 382 l.
279 342 548 395 ι4.Ἀνοιξιμ.>
574 344 836 383 Anaximenes
854 342 918 384 hic
937 343 1053 383 etiam
1077 344 1224 386 statuae
1249 346 1376 388 hono-

87 410 176 438 .rem
193 396 426 438 consecutus
437 397 490 437 est
506 396 733 450 Olympiae,
750 410 829 436 non
845 398 970 438 minus
982 411 1099 452 quam
1112 399 1295 454 Gorgias.
1310 401 1375 443 De

94 463 267 504 utroque
277 450 433 491 Pausan.
449 450 567 490 Eliac.
583 465 627 499 2,
641 465 675 504 ρ.
691 452 778 504 376.
794 450 921 491 stx.
1222 453 1231 471 ⁴

148 509 222 544 ead.
235 506 260 544 l.
277 517 336 559 15.
348 505 418 544 Καὶ
432 504 563 558 ἄλλοι)
576 504 637 544 Sic
651 504 820 557 Gorgias
831 505 933 559 apud
946 505 1215 547 Philostratum
1230 522 1267 561 p.
1283 523 1375 562 493.

94 557 143 598 Et
156 558 292 612 Lysias
314 571 374 612 ap.
396 559 493 598 Plut.
510 559 547 597 in
560 559 598 598 X
616 558 730 599 Rhet.
745 559 808 598 De
829 560 1071 600 orationibus
1092 562 1229 602 habitis
1241 575 1308 603 aut
1319 564 1377 604 O-

90 612 265 667 lympiae
278 624 346 653 aut
359 613 399 652 in
420 613 504 652 aliis
524 612 806 653 celebritatibus
819 645 830 662 ‚
845 614 934 653 vide
948 626 1061 654 notas
1078 617 1124 655 ad
1146 616 1317 657 Philostr.
1337 633 1379 672 p.

98 668 193 718 169,
213 667 254 707 &
270 666 429 707 Creffol.
441 667 600 707 Tbeatr.
615 666 730 706 Rhet.
747 667 819 715 ΙΙΙ,
836 667 874 706 6.
889 667 1048 708 SOLAN.

145 721 226 760 ibid.
244 721 385 775 Λόγους
413 720 475 761 ἕλε
511 721 573 774 ον)
598 721 785 774 Exempla
804 720 989 761 eiusmodi
1008 723 1256 764 locutionum
1276 725 1376 766 bene

86 775 218 815 ,multa
229 776 310 815 vid.
326 787 388 829 ap.
399 775 465 814 Ien
484 805 493 814 .
507 776 555 814 ad
567 775 655 815 Iov.
670 775 788 828 Trag.
804 788 838 815 c.
854 790 915 814 22.
927 775 1073 816 Rzrrz.

149 829 242 883 Pag.
261 843 276 868 1
288 842 347 882 19.
359 831 383 869 l.
400 843 433 870 2.
442 826 584 882 ‘'Ovi-ov)
598 828 676 869 Etfi
687 830 810 882 vulgo
827 829 959 869 locum
972 829 1178 883 fignificat,
1195 843 1320 872 tamen
1333 834 1375 873 &

119 895 166 922 ro
181 899 280 932 cum,
299 886 436 937 quando
448 913 459 930 ‚
476 885 744 937 quandoquidem
766 881 994 936 usurpatur,
1018 885 1140 925 veluti
1160 886 1287 925 Latini
1310 887 1376 927 so-

106 948 194 984 ent,
206 936 436 977 observante
450 938 534 978 eod.
557 936 651 977 lens.
666 952 704 992 p.
721 938 808 987 276.
823 937 883 977 Sic
902 937 1014 991 supra
1029 940 1068 978 in
1091 941 1269 980 Hermot.
1288 954 1372 994 cap.

95 1004 145 1045 39
156 1021 168 1040 ,
182 991 276 1032 ὅπου
288 1006 363 1045 γε,
378 992 442 1032 καὶ
455 990 486 1030 εἰ
500 991 646 1032 πάντες
665 994 718 1031 τὰ
735 992 844 1042 ὅμοια,
861 988 970 1044 εἶχον
982 993 1057 1033 διε.
1073 993 1116 1032 In
1130 994 1320 1035 Abdicato
1336 1010 1369 1035 c.

96 1058 162 1098 23,
174 1045 328 1086 Ἀτελῗις
346 1045 366 1087 ἧ
386 1046 532 1099 τέχνη,
546 1045 640 1086 ὅπου
660 1060 712 1101 γε
723 1045 801 1086 τοῖς
820 1046 956 1099 ἰατροῖς
979 1049 1043 1086 καὶ
1057 1047 1225 1097 sagacia
1246 1049 1288 1087 αἱ
1303 1050 1375 1088 πό-

92 1110 173 1139 λεις
194 1099 408 1152 τιμὶςμιοιὶ
424 1099 638 1153 προεὲρίοις,
665 1101 729 1139 καὶ
753 1100 960 1148 ἀτελείας,
984 1101 1050 1141 καὶ
1072 1104 1293 1153 προνομείοις
1314 1103 1375 1143 Σι-

90 1152 219 1193 Maca.
236 1153 350 1193 Addo
363 1154 554 1207 Hippocr.
571 1152 608 1193 S.
626 1169 662 1203 2,
675 1154 759 1208 aph.
779 1166 842 1202 10,
852 1156 909 1192 Τὲι
929 1157 1097 1205 σώματα
1113 1157 1208 1209 χρὴ,
1222 1156 1314 1196 ’ὅπου
1327 1157 1374 1197 ἄν

90 1221 153 1247 τις
169 1207 351 1253 βούλεται
371 1207 566 1260 καθαίρειν,
583 1207 691 1260 εὕροι
711 1209 863 1256 ποιέειν,
884 1224 1024 1262 corpora
1044 1213 1180 1263 quando
1203 1212 1278 1264 quis
1289 1228 1374 1264 pur-

85 1274 170 1313 gare
182 1262 281 1308 vult,
291 1262 407 1314 fluida
415 1262 532 1314 fizcz'at
543 1274 682 1315 oportet.
698 1262 789 1302 Ibid.
804 1261 897 1303 rurs.
912 1264 999 1316 aph.
1019 1279 1053 1303 2.
1065 1264 1113 1303 Et
1127 1264 1217 1312 S.1,
1231 1266 1316 1318 aph.
1334 1280 1372 1315 7.

91 1314 219 1355 Potest
231 1316 274 1356 δι
295 1317 396 1356 verti
414 1317 491 1363 ubi,
505 1317 611 1370 quod
625 1317 688 1357 hic
709 1317 847 1357 eodem
863 1317 958 1357 redit
969 1348 980 1366 ,
999 1318 1118 1358 modo
1134 1319 1180 1359 de
1196 1331 1372 1373 tempore

28 1392 44 1404 -
88 1382 253 1423 quoque
267 1371 442 1424 accipias.
455 1371 605 1410 Rnrrz,

143 1425 221 1463 ead.
236 1425 259 1463 l.
283 1439 318 1479 3.
332 1425 671 1478 Ev‘yypa‘n-ssaevu)
699 1423 764 1464 De
784 1423 935 1478 pi&ore
957 1424 1131 1479 usurpari
1154 1427 1221 1467 vix
1242 1428 1371 1467 credo.

92 1477 201 1532 Lego
213 1478 264 1518 ita
294 1492 345 1518 ue
356 1477 574 1533 γράψαντα
586 1507 597 1525 ,
612 1489 656 1518 ut
670 1478 774 1531 Ζεύξ.
787 1491 819 1518 c.
839 1493 856 1531 3
872 1492 928 1532 pr.
941 1479 1102 1519 SOLAN.

145 1535 219 1572 ead.
233 1534 258 1572 l.
301 1563 310 1572 .
323 1533 469 1586 Ἥρετο)
483 1533 740 1574 Commodius
752 1534 943 1586 legeretur
956 1531 1089 1586 ἥροιτο.
1106 1533 1266 1574 SOLAN.
1277 1528 1373 1586 ’Ἡμε-

91 1586 137 1626 τό
149 1600 206 1627 τις
221 1586 281 1634 ἂν,
292 1587 378 1627 vult
389 1587 432 1626 B.
446 1588 492 1626 de
504 1587 602 1628 Ball.

91 1642 220 1735 soced.
241 1642 264 1681 l.
287 1641 414 1683 10.’Ev
433 1640 608 1695 Ἰταλίᾳ)
624 1640 689 1680 An
710 1640 847 1695 aliquis
869 1640 951 1681 eius
967 1641 1183 1682 meminerit
1197 1671 1209 1691 ‚
1230 1640 1373 1683 nescio.

154 1706 253 1736 [ΑΝ.

145 1752 219 1789 ead.
233 1750 258 1788 l.
274 1762 333 1802 ¹3·
347 1746 481 1802 Χρῆμοι
501 1748 709 1802 παρθένου)
735 1749 782 1790 Et
800 1748 894 1790 haec
909 1748 1063 1789 locutio
1076 1779 1087 1797 ‚
1106 1748 1186 1789 five
1198 1748 1373 1803 pleonas-

91 1816 179 1843 mus
194 1816 272 1843 non
287 1802 519 1857 infoequens.
534 1803 733 1857 Aristoph.
751 1803 848 1843 Plut.
873 1802 964 1856 895,
978 1803 1076 1843 πολὺ
1094 1802 1231 1856 χρῆμα.
1246 1805 1373 1854 τεμά-

93 1871 192 1909 χων.
215 1858 261 1898 Et
276 1857 380 1897 Nub.
395 1871 416 1896 2
427 1888 439 1906 ‚
455 1860 499 1897 το
512 1857 649 1909 χρῆμοι
661 1857 736 1897 τῶν
752 1856 900 1897 νυκτῶν.
917 1857 1005 1896 Alia
1018 1856 1151 1896 similia
1166 1856 1373 1909 Spanhem.

90 1911 182 1951 ibid.
203 1911 315 1951 Plura
336 1909 452 1951 frater
471 1911 590 1952 cariff.
610 1911 661 1952 G.
681 1911 735 1952 Ο.
754 1911 876 1951 Reitz.
892 1911 931 1950 in
952 1911 1058 1965 Belg.
1082 1909 1266 1952 Graeciff.
1284 1924 1372 1965 pag.

176 1966 263 2006 -6.
279 1965 429 2006 Rzlrz.

96 1979 222 2060 ”Zaa
234 2021 258 2059 l.
275 2034 291 2059 1
303 2032 336 2073 ς.
353 2019 424 2060 Τῆς
439 2019 602 2068 κεφαλῆς
612 2018 680 2061 τὴν
698 2018 943 2072 καλύπτραν)
955 2018 1050 2059 Dixi
1063 2018 1112 2058 ad
1129 2018 1284 2059 Petron.
1306 2018 1370 2059 De

92 2074 212 2113 taedis
225 2074 447 2126 Hymenaei
463 2086 603 2114 notum
614 2105 626 2122 ‚
640 2074 681 2114 &
692 2074 812 2114 multa
823 2073 921 2114 Scal.
933 2074 978 2113 ad
992 2072 1132 2113 Catull.
1146 2074 1322 2113 BOURD.

148 2130 220 2166 ead.
237 2129 262 2167 l.
278 2128 336 2169 16.
347 2127 597 2182 Kammpoev)
613 2128 675 2168 Ad
690 2129 827 2168 vittam
841 2128 1049 2181 nuptialem
1064 2127 1213 2181 respicit
1227 2127 1266 2167 δι
1283 2128 1373 2168 ἀνοι-

93 2179 357 2234 κοιλυπτίιριοι,
374 2182 421 2221 de
442 2182 582 2245 quibus
594 2182 811 2236 Langbaen.
827 2182 874 2221 ad
892 2181 1054 2235 Longin.
1070 2198 1114 2231 4,
1136 2195 1203 2231 10,
1218 2193 1304 2235 pag.
1322 2196 1373 2235 34

94 2234 200 2276 Toll.
214 2235 349 2290 Itaque
362 2240 791 2289 naavorvpavflammeum
807 2236 961 2276 reddidi.
979 2235 1109 2276 GesN.

151 2289 243 2342 Pag.
267 2303 354 2330 120.
377 2291 401 2330 l.
423 2303 463 2341 9.
485 2290 539 2330 Ἐν
559 2290 637 2330 τοῖς
659 2290 816 2343 ὅπλοις)
839 2290 991 2330 Poterat
1013 2288 1136 2330 abesse
1155 2291 1201 2330 ἒν.
1217 2288 1290 2328 Sed
1311 2288 1372 2330 hic

91 2342 339 2396 pleonasmus
363 2342 452 2384 satis
473 2342 653 2399 frequens
678 2344 874 2384 nonnullis
892 2343 1016 2383 fraudi
1039 2343 1135 2390 fuit,
1159 2354 1204 2383 ut
1232 2341 1372 2384 frustra

88 2397 416 2451 »praepositionem
436 2398 599 2438 deletam
617 2398 812 2438 voluerint
827 2399 864 2437 in
879 2397 1118 2438 Dia1.M0rt.
1136 2396 1266 2437 XXIlI
1282 2396 1372 2436 Plu-

95 2451 201 2502 tonis
212 2452 256 2494 δι
268 2451 476 2501 Protesilai,
489 2452 621 2493 versus
633 2452 700 2493 fin.
715 2452 946 2503 καθικόμενον
961 2451 993 2492 ὲν
1005 2450 1051 2544 {a}
1066 2450 1208 2502 ῥὰβὲῳ.
1222 2451 1275 2491 At
1286 2463 1370 2491 non

1051 2518 1072 2544 e
1103 2519 1123 2543 2
