1768 3185
126 244 199 292 IN
218 243 563 318 QUOMODO
584 246 747 296 HIST.
766 245 867 296 SIT
883 247 1151 298 CONSCR.
1225 264 1316 320 541'

34 332 189 380 illarum*
200 338 249 378 ab
262 338 438 379 auditore
449 339 511 378 vel
522 337 667 378 leflore
675 338 786 387 ratio,
800 339 918 391 utqui
929 350 994 378 eas
1005 339 1069 378 vel
1084 339 1195 391 plane
1208 341 1319 382 omis-

35 391 163 442 surus,
177 392 241 433 vei
255 392 425 445 indignas
439 393 678 432 iudicaturus
690 391 751 440 fit,
766 393 909 446 quibus
926 392 1162 433 affentiatut:
1185 409 1320 446 quem-2

36 445 247 487 admodum
265 459 406 499 nempe
427 445 679 487 accusationis
698 459 818 486 extra*
830 446 998 487 tribunal
1018 446 1191 501 prolatae
1214 450 1318 489 nulla

37 498 204 540 habetur
215 513 236 540 a
249 500 374 540 iudice
387 500 494 540 bono
507 501 618 540 ratio.
643 500 773 540 GESN.

93 557 168 594 ead.
180 555 202 593 l.
219 568 253 608 3.
266 553 501 608 Θεοπόμπῳ)
514 554 634 608 Atqui
652 557 817 608 Theopom
844 569 899 594 um
914 554 1016 594 hunc
1035 552 1155 607 ipsum
1169 555 1314 596 Athen.

78 607 110 656 1,
122 621 158 661 p.
175 607 223 659 85
237 608 284 647 Α.
297 609 469 648 veritatis
481 620 671 648 amantem
685 609 735 647 ait
751 607 803 648 fui
836 622 872 656 e,
885 609 1041 661 eiusque
1057 608 1330 663 pervestigan-¹

37 660 112 709 dae
133 661 257 702 studio
279 675 456 715 magnam
478 663 665 715 pecuniae
682 663 760 701 vim
786 662 1029 716 insumpfiffe.
1060 664 1240 710 Μαθέτω,
1261 665 1319 703 in-

38 717 138 769 quit,
154 718 264 768 παρὰ
277 715 505 766 Θεοπόμπου
525 714 591 755 τοῦ
607 717 692 755 Χίου
713 715 843 768 ἁνὲρὶις
858 716 1087 767 φιλαλῖιθους
1100 718 1164 757 καὶ
1181 720 1316 757 ’πολλὰ

104 766 234 820 ’ματα
251 770 601 810 καταναλώσαντος
618 770 671 809 εἰς
690 771 754 810 τὴν
768 772 850 821 περὶ
869 771 936 810 τῆς
956 771 1119 822 ἱστορίας
1138 771 1316 822 ἐξέτασιν

39 822 188 876 ρ’ωιριβιῖ.
213 826 272 864 De
281 826 435 877 impensis
454 825 672 877 Theopompi,
690 824 818 877 inquit
830 825 876 864 ad
890 825 991 865 hunc
1004 825 1134 865 locum
1150 825 1317 867 Casaub.

39 893 111 919 non
131 890 218 918 tacet
229 880 342 918 Dion.
360 879 483 918 Halic.
504 879 540 917 in
554 879 643 931 epist.
659 880 709 917 ad
725 880 848 932 Pomp.
873 881 934 918 De
950 895 1060 918 amore
1078 880 1230 919 veritatis
1248 895 1319 920 non

40 933 176 985 desunt,
187 933 244 986 qui
256 935 451 986 obstrepant.
463 933 582 984 Athen
590 963 598 971 .
611 932 681 985 ipse
689 933 713 971 l.
729 938 752 971 6
763 932 1068 982 δυσμενέστατον
1077 935 1239 987 appellat,
1247 950 1317 987 pa-

41 1001 117 1032 gum
131 988 370 1041 constansfibt'.
399 988 470 1026 Sed
483 987 562 1040 quia
587 987 733 1040 ingenua
751 988 900 1026 libertate
917 988 1004 1025 vitia
1022 988 1191 1026 hominum
1213 990 1322 1028 Theo-

38 1055 190 1095 pompus
203 1043 385 1095 catpskrat,
397 1043 578 1081 multorum
595 1044 676 1080 odia
695 1043 821 1080 veritas
837 1042 888 1080 illi
901 1054 1093 1094 paraverat.
1118 1042 1237 1095 Iraque
1248 1043 1321 1088 βοὶ-

41 1109 181 1135 σκανον
194 1095 236 1134 &
251 1097 397 1135 aliorum
411 1096 594 1135 virtutibus
603 1095 802 1134 invidentem
816 1096 915 1135 multi
924 1097 1192 1147 pronuntiarunt
1201 1127 1210 1143 ,
1233 1112 1319 1150 quos

42 1164 76 1189 te
94 1150 164 1188 elli.»
176 1149 335 1202 Dionys}
349 1150 526 1190 Lucianus
537 1150 601 1189 &a
621 1150 719 1189 Hinc
740 1152 771 1188 T
771 1150 1019 1203 heopompicum
1033 1150 1200 1203 scribendi
1213 1167 1320 1204 genus

41 1204 198 1247 nomitmt
216 1204 328 1244 Cicero
340 1235 351 1251 ,
371 1220 445 1244 cum
465 1206 505 1243 de
525 1204 679 1243 omnibus
702 1204 815 1243 omnia
841 1205 938 1243 libere
952 1205 1070 1257 palam
1085 1204 1254 1253 dicuntur,
1273 1208 1326 1244 ad

42 1260 130 1298 Att.
141 1257 189 1296 II.
207 1257 271 1298 De
281 1258 535 1312 Theopompi
550 1258 798 1298 maledicendi
812 1259 1008 1311 prurigine
1026 1271 1108 1298 non
1124 1258 1324 1299 Lucianus

42 1311 164 1359 solus,
175 1310 236 1351 sed
252 1313 365 1352 multi
380 1311 579 1365 conquesti
593 1311 678 1352 sunt
691 1312 764 1351 viri
779 1312 997 1365 graviffimi.
1012 1312 1210 1352 Ciceronis
1222 1314 1321 1353 iudi·

43 1366 148 1405 cium
163 1366 351 1406 audivisti.
377 1367 479 1420 Lege
496 1367 611 1406 etiam
633 1365 755 1406 Corn.
770 1367 867 1420 Nep.
883 1368 921 1406 in
937 1367 1128 1406 Alcibiad.
1143 1379 1177 1406 c.
1193 1381 1207 1406 1
1219 1380 1251 1406 1.
1265 1368 1317 1408 V.

43 1418 199 1460 &Piut.
220 1434 320 1472 ¹570
343 1419 366 1460 f.
388 1420 545 1461 SOLAN.

46 1503 51 1513 .
99 1477 172 1513 ead.
185 1475 208 1513 l.
222 1475 258 1514 6.
275 1474 343 1514 Καὶ
354 1475 426 1526 μὴν
440 1475 526 1526 καὶ)
538 1475 613 1514 Hic
626 1474 755 1528 potius
769 1472 1011 1528 pleonasmus
1024 1473 1236 1527 elegantiae
1249 1475 1319 1520 est,

42 1526 154 1580 (licet
169 1527 257 1568 alibi
273 1528 364 1568 illud
379 1530 488 1569 nimis
501 1529 786 1582 frequentatum
802 1528 867 1567 καὶ
882 1528 1046 1582 oderim)
1064 1528 1114 1568 fic
1125 1529 1263 1568 etenim
1279 1529 1321 1569 &

45 1581 170 1635 Long.
185 1581 278 1622 Past.
299 1582 331 1629 1,
346 1595 428 1636 pag.
451 1584 499 1624 26
513 1583 571 1622 ed.
588 1582 804 1636 Iungerem.
818 1582 884 1621 καὶ
899 1580 984 1633 ἄμα
1003 1582 1067 1622 καὶ
1088 1580 1189 1632 αὐτ-ἶ
1203 1581 1322 1636 ἠρέμα

46 1633 326 1690 ὑπεφθέγγετο.
351 1636 454 1677 Idem
472 1652 509 1691 p.
526 1636 574 1677 28
587 1667 601 1683 ,
614 1638 678 1676 καὶ
694 1635 868 1682 λαβοῦσα
883 1638 944 1675 καὶ
959 1631 1062 1677 αὖθις
1075 1636 1253 1683 ἐνέβαλλε
1269 1637 1324 1686 τῷ

46 1690 191 1742 κόλπῳ.
207 1691 347 1731 Noster
361 1690 472 1745 supra
487 1705 520 1731 c.
543 1705 608 1745 37,
621 1691 684 1730 καὶ
700 1692 734 1731 νὴ
748 1690 839 1737 Δία,
854 1690 919 1729 καὶ
939 1691 972 1730 ἐν
987 1691 1252 1742 στρατοπέδῳ.
1274 1692 1321 1731 Et

47 1757 84 1785 c.
101 1745 167 1793 46,
188 1745 254 1784 καὶ
270 1745 345 1795 μὴν
358 1747 423 1785 καὶ
440 1746 607 1794 συνθήκῃ·
629 1745 668 1785 ὃ(
684 1745 816 1785 Somn.
828 1758 859 1784 c.
874 1758 913 1793 7,
935 1745 1148 1785 ubifimilia
1163 1746 1237 1785 iam
1253 1759 1324 1786 no-

47 1800 144 1840 tavit
159 1799 374 1840 Hemsterh.
391 1800 436 1839 Et
450 1813 530 1840 non
543 1799 657 1839 semel
672 1799 776 1838 alibi.
799 1799 947 1838 RtiTz.

101 1855 176 1892 ead.
186 1854 210 1893 l.
223 1869 259 1908 9.
274 1853 347 1907 Σὺ)
360 1854 419 1895 Sic
434 1855 490 1894 ed.
506 1853 594 1894 1.1n
609 1853 765 1905 reliquis
779 1853 832 1893 est
849 1855 914 1892 σοι’.
928 1853 1086 1892 SOLAN.
1099 1853 1320 1906 Legendum

47 1905 140 1954 effe,
163 1919 242 1948 non
259 1908 316 1948 σοὶ
332 1907 385 1955 δ’,
401 1920 442 1947 ut
457 1908 596 1948 leCium
610 1906 663 1947 est
678 1906 815 1953 adhuc,
832 1905 893 1946 sed
909 1906 954 1947 σὺ
967 1906 1017 1956 δ’,
1030 1918 1074 1946 ut
1085 1906 1324 1960 interpretati

46 1959 209 2008 sumus,
228 1961 356 2009 facile,
372 1975 488 2014 puto,
511 1961 715 2002 constabit.
739 1960 871 2001 GEs-N.

104 2017 179 2055 ead.
194 2017 218 2055 l.
235 2030 293 2056 10.
307 2015 522 2069 Πολλάκις)
538 2016 707 2057 Notabat
723 2014 884 2054 Solanus
902 2012 1042 2062 noster,
1056 2012 1256 2054 Vorstium
1269 2014 1324 2054 le-

49 2081 142 2123 gere
156 2068 204 2109 ὦς
217 2069 421 2120 πολλάκις,
438 2083 516 2110 non
529 2070 702 2122 imperite
716 2068 915 2122 profe&o,
934 2069 1001 2107 ubi
1017 2079 1143 2108 cetera
1160 2068 1210 2108 fic
1223 2069 1325 2122 lege-

48 2134 201 2170 rentur,
215 2136 258 2164 ut
275 2126 313 2164 in
330 2126 357 2164 I.
374 2137 476 2178 quae
489 2124 682 2164 πολλάκις
693 2121 804 2163 τοῦτο
819 2119 1111 2175 &pc13‚idq11e1'1ne
1127 2124 1326 2175 parenthe-

51 2176 97 2225 si,
109 2178 289 2219 habebat:
305 2192 392 2220 cum
411 2191 508 2218 vero
524 2178 619 2217 aliae
630 2190 710 2218 non
725 2175 851 2222 τοῦτο,
865 2175 926 2216 sed
938 2182 980 2215 τὸ
997 2171 1089 2215 αὐτὸ
1103 2178 1324 2224 exhibeant,

50 2232 93 2273 v&
105 2233 346 2286 parenthesin
358 2233 473 2272 etiam
489 2232 698 2272 nonnullae
713 2231 870 2276 addant,
895 2244 974 2270 non
995 2244 1096 2284 opus
1115 2232 1187 2270 iam
1203 2227 1248 2270 ὦς
1261 2231 1326 2270 ad·

51 2285 166 2336 dere3
189 2299 326 2327 verum
341 2287 431 2327 illud
452 2301 476 2339 2
490 2288 535 2338 ἃς
547 2299 597 2326 ex
616 2287 686 2325 W.
701 2286 829 2338 potius
844 2286 1064 2338 reciperem.
1086 2285 1232 2324 Rnrz.

107 2341 199 2395 Pag.
215 2354 305 2390 217.
318 2343 340 2381 l.
361 2354 393 2382 1.
410 2339 697 2393 Δουλοπρεστὲς)
722 2339 972 2392 Antiquiores
989 2338 1070 2379 fere
1085 2352 1220 2379 omnes
1236 2338 1321 2379 edd.

51 2394 186 2448 legunt
199 2396 262 2436 hic
275 2395 466 2446 ὃολοπρ-
479 2395 657 2441 barbare,
670 2395 756 2432 Ald.
775 2407 911 2446 nempe
926 2395 954 2432 I.
971 2393 1011 2433 δι
1026 2394 1072 2433 Β.
1086 2407 1120 2433 2.
1135 2394 1178 2431 P.
1196 2394 1325 2434 etiam.

53 2448 126 2489 Sed
138 2449 238 2490 bene
251 2450 362 2489 habet
376 2451 414 2489 in
429 2449 482 2487 Η.
494 2450 552 2490 Fr.
565 2450 678 2488 etiam
692 2450 729 2486 S.
743 2449 782 2487 δι
797 2450 850 2488 A.
865 2448 956 2488 &in
971 2449 1027 2487 M.
1041 2447 1141 2488 Cod.
1163 2446 1323 2487 SoLAN.

54 2528 57 2531 >
108 2506 182 2544 ead.
194 2505 219 2543 l.
238 2519 270 2557 3.
287 2503 426 2544 Κνίθιον
443 2503 572 2542 ἐκεῖνον
587 2500 871 2555 ἀρχιτέκτονα)
885 2502 1042 2542 Nomen
1058 2515 1106 2543 ex
1117 2499 1328 2555 inscriptio·

49 2569 131 2609 ne,
151 2559 272 2612 quam*
281 2571 376 2600 mox
387 2557 542 2599 exhibet
554 2586 565 2607 ,
586 2557 741 2611 patebit.
762 2555 922 2598 SOLAN.
