1841 3180
450 123 547 168 440
643 103 1535 152 ANNOTATIONES

455 193 515 235 οὖν
528 198 572 235 τὶ)
586 194 776 246 ἐνδόσιμον
791 195 923 240 λαβών.
943 195 1049 234 Bene
1065 194 1295 235 observante
1308 194 1474 235 Dukero
1487 195 1534 234 ad
1544 194 1730 247 Thucyd.

454 249 512 290 ΙΙΙ
524 279 536 295 ,
550 262 582 290 c.
598 264 621 302 9
631 264 660 301 5.
678 251 755 290 Ubi
769 250 809 289 &
823 249 1056 288 Scholiasten
1067 249 1154 288 vide
1164 279 1174 294 ,
1193 249 1234 287 δι
1244 249 1289 287 ad
1308 260 1432 302 partes
1447 260 1632 289 vocatum
1657 250 1737 290 Ra-

457 304 557 357 phel.
570 305 615 343 ad
629 304 775 356 Evang.
789 303 912 342 Marc.
927 302 1002 349 111,
1021 317 1038 355 3
1051 315 1080 342 1.
1094 303 1243 341 Rtrrz.

513 358 606 409 Pag.
623 372 668 396 12
677 370 707 406 ς.
722 358 743 393 l.
765 355 834 405 141
845 361 948 405 Ωμην
958 358 1079 407 τάχα
1090 356 1218 406 μέντοι
1232 355 1296 395 καὶ
1311 353 1404 395 αὐτὸ
1417 354 1528 396 τοῦτο
1540 356 1737 410 προσάγε-

458 415 553 451 σῖδοιι
568 409 722 464 αὐτοὺς)
737 409 967 450 Benedictus
977 441 988 458 ‚
995 410 1111 463 statim
1125 411 1253 462 quidem
1265 411 1304 449 id
1320 411 1428 463 ipsum
1444 411 1544 450 etiam
1557 411 1734 450 addimros
1781 451 1784 454 ,
1839 415 1841 432 ³

454 467 631 520 putabam.
647 464 885 517 ineptissime.
901 464 998 503 Nam
1013 462 1080 516 qui
1096 464 1130 502 id
1151 465 1189 502 in
1204 464 1397 504 laudando
1419 465 1582 504 addituri
1599 475 1710 504 erant
1722 495 1737 514 ,

459 532 548 558 cum
566 517 641 570 ipse
653 518 847 557 Lucianus
858 530 946 556 ante
955 518 1062 563 dixit,
1078 516 1114 556 se
1127 515 1356 570 suspicatum
1369 517 1442 558 esse
1455 530 1590 558 omnes
1605 518 1737 558 meli02·

459 585 520 613 res
536 573 709 611 laudatae
721 572 910 612 orationis
923 570 1054 611 causas
1072 572 1120 610 ab
1133 570 1276 624 scriptis
1294 571 1368 611 suis
1387 571 1535 612 abesse?
1550 571 1670 612 Recte
1683 584 1739 612 ta-

461 639 550 665 men
563 625 714 666 Graeca
727 657 737 670 ,
762 638 863 678 quae
885 627 1033 678 optime
1048 626 1218 678 percepit
1239 625 1495 679 Obsopoeus,
1513 627 1575 666 hoc
1593 627 1662 680 ἱρῇ)
1679 641 1738 665 eos

456 681 657 734 potzffimum
670 682 850 718 mimeram
864 680 905 717 iri
908 694 924 727 ;
942 679 1009 718 nifi
1022 680 1128 732 quod
1148 691 1321 732 congrua
1334 681 1462 720 oratio
1477 679 1608 733 poscat
1623 683 1737 720 addu-

461 734 512 773 ci:
531 746 610 772 non
623 734 723 773 enim
738 734 864 786 agitur
878 734 924 773 de
937 732 1083 773 futuro.
1098 732 1244 773 GRON.

516 791 590 826 ead.
603 789 625 826 l.
646 802 659 826 1
673 802 703 838 5.
718 788 788 825 Καὶ
802 784 895 826 adri>
907 787 1016 826 τοῦτο
1029 787 1110 838 πρ.)
1123 790 1176 826 Et
1188 790 1249 827 hoc
1261 787 1419 827 nonnihil
1426 799 1544 841 captos
1556 787 1738 841 plaudere,

461 840 554 887 vel,
570 843 632 881 lzoc
643 842 741 881 etiam
749 840 895 893 fortaffiz
906 844 1084 880 attraelum
1098 840 1150 879 iri.
1167 842 1333 881 Variant
1346 853 1475 881 autem
1490 841 1550 882 hic
1563 842 1661 881 libri.
1681 841 1738 882 Fl.

464 892 570 945 αὐτῷ
581 895 714 944 τούτῳ,
726 895 790 934 cui
803 894 1012 946 scripturae
1026 895 1130 936 favet
1143 894 1252 935 locus
1265 900 1366 935 Φαλ.
1377 895 1427 943 σι’,
1442 908 1514 948 c.3.
1525 894 1662 936 Codex
1675 909 1741 936 au-

465 962 542 988 rem
564 949 601 988 P.
618 962 706 988 cum
724 949 907 1002 impreffis
917 948 1030 998 facit,
1050 962 1153 1001 quos
1172 961 1332 989 tuentur
1346 950 1468 989 verba
1480 963 1562 1003 cap.
1580 964 1623 1003 53
1637 948 1739 1003 Ἕρμ.

466 1003 605 1045 Parum
619 1016 713 1056 ergo
727 1003 862 1052 refert,
878 1015 1005 1043 utram
1022 1002 1245 1055 scripturam
1259 1002 1650 1056 sequamur.'·Sot.AN.

521 1058 613 1108 Pag.
629 1070 643 1094 1
655 1059 714 1097 26.
735 1058 750 1095 l
775 1071 806 1096 1.
818 1059 865 1095 Tb
878 1056 945 1096 τοι]
959 1056 1131 1110 Ὁμήρου)
1146 1058 1188 1096 In
1201 1059 1371 1098 Zeuxide
1386 1089 1396 1106 ‚
1417 1061 1459 1095 τὸ
1473 1055 1542 1097 τοῦ
1562 1057 1740 1110 Ὁμῆρου,

468 1111 532 1152 καὶ
552 1112 619 1151 τὴν
638 1113 718 1150 νέαν
743 1110 841 1160 ᾦδὶτν
866 1116 1141 1165 κὲχοιρισμενην
1163 1110 1363 1166 ὑπάρχειν.
1375 1111 1522 1152 Alludit
1537 1112 1584 1152 ad
1601 1111 1742 1164 Odyss'.

469 1169 520 1212 A,
536 1178 575 1203 ν.
592 1179 678 1218 351.
692 1165 862 1205 GRAEv.

522 1222 596 1259 ead.
609 1221 633 1258 l.
649 1219 911 1271 ιο.”ΑνΘροιν.ες
924 1218 1020 1272 διε.)
1038 1220 1236 1269 Carbonem,
1249 1231 1295 1260 ut
1310 1219 1431 1268 aiunt,
1442 1233 1507 1272 pro
1521 1219 1680 1272 thesauro
1691 1220 1743 1260 ἰη-

471 1275 638 1313 venimus.
650 1273 804 1313 Phaedr.
825 1275 880 1320 V,
893 1273 956 1321 87.
973 1275 1141 1312 VORST.

524 1332 598 1367 ead.
611 1328 632 1365 l.
654 1340 708 1376 15·
728 1327 971 1380 thvovrotsfv)
985 1328 1084 1367 Vide
1098 1328 1195 1368 idem
1209 1326 1330 1368 ferme
1342 1327 1388 1368 de
1401 1340 1451 1368 eo
1463 1327 1676 1369 Aristotelis
1686 1328 1744 1369 iu-

470 1382 611 1422 dicium
627 1381 672 1420 de
683 1381 790 1421 Poet.
802 1395 834 1421 c.
849 1383 898 1421 26
911 1381 935 1420 f.
950 1382 1108 1422 SOLAN.
1612 1382 1618 1385 ’

526 1436 617 1488 Pag.
633 1449 645 1473 ι
657 1449 716 1484 27.
732 1437 755 1474 l.
774 1450 809 1483 7.
827 1435 1008 1489 Etim-15)
1029 1436 1141 1476 Periit
1160 1435 1292 1489 itaque
1317 1434 1517 1485 thesaurus
1537 1437 1745 1490 antiquita-

471 1498 557 1528 tum
571 1489 809 1530 Graecarum
827 1489 1054 1538 immensus3
1070 1490 1131 1531 sed
1145 1489 1355 1530 statuarum
1367 1501 1515 1531 tantum
1528 1520 1539 1538 .‚
1553 1501 1620 1530 aut
1636 1491 1747 1530 tabu-

470 1543 594 1582 larum
613 1542 819 1597 pictarum:
835 1557 921 1582 nam
943 1557 1044 1596 quae
1057 1543 1175 1598 longe
1187 1546 1310 1584 maior
1332 1543 1479 1584 iaGtura
1491 1545 1576 1584 orbi
1590 1545 1748 1585 erudito

471 1596 604 1637 futura
621 1609 701 1637 erat
714 1598 920 1643 librorum,
936 1612 1037 1650 quos
1053 1598 1197 1639 summa
1217 1612 1304 1639 cum
1322 1611 1413 1639 cura
1432 1598 1480 1638 ab
1493 1611 1544 1638 eo
1560 1598 1744 1639 colleaos

472 1649 579 1691 fuiffe
597 1652 633 1690 in
654 1651 823 1692 Graecia
844 1652 940 1691 idem
962 1653 1154 1692 Lucianus
1177 1653 1289 1693 docet
1304 1652 1460 1693 Ἀποιιδὶ
1481 1666 1516 1692 c.
1534 1669 1582 1703 4,
1596 1665 1676 1693 non
1691 1652 1747 1693 est

472 1704 582 1748 facta.
597 1705 823 1747 Plutarchus
835 1707 934 1748 enim
948 1705 1066 1746 libros
1079 1720 1269 1746 memorat
1282 1707 1444 1746 Athenis
1455 1708 1501 1746 ab
1513 1720 1562 1748 eo
1574 1707 1747 1748 Romam

470 1759 690 1799 incolumes
702 1761 937 1814 deportatos.
952 1760 1050 1800 Plut.
1065 1761 1162 1812 Syll.
1177 1760 1200 1799 8
1209 1762 1255 1814 56
1268 1760 1316 1800 A.
1334 1760 1494 1801 SOLAN.
1738 1789 1740 1791 »

527 1817 601 1854 ead.
612 1814 635 1852 l.
652 1827 711 1862 17.
724 1812 762 1852 ‘H
778 1813 996 1867 Κένταυρος)
1012 1814 1168 1855 Petiitne
1181 1828 1231 1855 ex
1252 1815 1327 1854 hoc
1342 1815 1501 1854 Luciani
1516 1814 1646 1855 libello
1664 1819 1747 1856 Κεν-

472 1867 660 1920 ταυρίὲων
672 1867 825 1908 suarum
839 1868 1044 1922 imaginem
1057 1869 1386 1909 Philostrat.1con.
1399 1884 1435 1917 2,
1450 1884 1467 1923 3
1481 1870 1493 1909 ἓ
1506 1869 1656 1909 Lectori
1669 1882 1749 1910 cer-

473 1932 511 1962 te
521 1934 600 1960 non
615 1922 864 1963 iniucundum
879 1924 950 1961 erit
963 1934 1168 1976 utramque
1181 1923 1365 1976 picturam
1384 1921 1594 1963 contuliffe.
1613 1923 1746 1964 GESN.

527 1976 617 2029 Pag.
635 1990 649 2014 1
659 1976 720 2014 28.
734 1978 757 2015 l.
770 1991 806 2027 7.
825 1972 908 2016 Οἶὸν
920 1976 1012 2015 εἰσιν
1025 1975 1168 2031 ἵπποι)
1185 1978 1284 2017 Vide
1297 1990 1370 2018 nos
1382 1976 1481 2017 infra
1495 1977 1540 2016 ad
1553 1979 1744 2018 Harmon.

472 2042 508 2070 c.
527 2044 562 2082 3,
577 2030 768 2079 ἀλλότριον
787 2031 910 2080 τάμά.
929 2030 1006 2070 Ubi
1019 2032 1128 2083 plura
1141 2030 1327 2072 eiusmodi
1342 2031 1538 2085 fingularis
1554 2044 1646 2072 cum
1661 2031 1749 2086 plu-

471 2084 540 2124 rali
551 2084 728 2138 exempla
743 2085 925 2125 dedimus.
937 2085 1078 2126 Rmz.

527 2141 601 2177 ead.
617 2139 641 2177 l.
658 2152 714 2178 10.
729 2138 785 2178 ‘Es
798 2140 860 2178 τ“ον
873 2140 1037 2180 πωλικὸν
1047 2139 1199 2193 τρόπον)
1209 2139 1451 2187 Benedictus,
1460 2154 1620 2193 equarum
1629 2139 1666 2179 in
1677 2156 1747 2180 tno'

473 2207 549 2235 rem.
566 2192 613 2231 Et
633 2204 702 2236 cur
718 2206 796 2232 non
811 2205 934 2246 aeque
947 2194 1044 2233 bene
1057 2193 1317 2248 Obsopoeus?
1330 2196 1607 2247 quemadmodum
1617 2194 1710 2247 pulli
1721 2209 1747 2234 a

473 2247 636 2286 matribus
650 2247 892 2297 lablarifhlcnt.
907 2247 1053 2287 GRON.

526 2301 618 2353 Pag.
637 2315 649 2339 1
661 2316 721 2354 29.
737 2302 760 2339 l.
778 2314 808 2340 1.
819 2301 890 2347 Ἐφ’
903 2301 1000 2355 ὅσα)
1015 2302 1110 2342 lllud
1124 2301 1186 2341 ἐπὶ
1199 2301 1289 2355 quid
1303 2301 1365 2342 hic
1377 2300 1524 2350 valeat,
1545 2313 1625 2340 non
1638 2301 1750 2353 igno-

469 2366 538 2401 r0;
553 2355 848 2408 expungendum
868 2366 996 2396 tamen
1016 2355 1174 2406 censeo,
1198 2354 1406 2410 meliusque
1422 2367 1506 2396 tum
1522 2355 1744 2395 habiturum

467 2407 571 2448 hunc
585 2407 727 2454 locum.
744 2408 901 2451 SOLAN.
