1841 3180
477 126 570 184 426
674 122 1547 171 ANNOTATIONES

477 211 616 259 fateor,
629 212 838 252 etiamnum
852 211 945 252 mihi
966 211 1128 250 arridere
1143 210 1404 251 Graevianam
1423 212 1746 263 emendationem,

477 277 560 306 tum
577 267 770 319 quiaillud
785 268 823 305 τί
833 265 949 319 σιγᾷς
962 264 1106 304 Nostro
1123 264 1315 312 usitatum,
1331 277 1410 304 tum
1424 267 1607 317 quianon
1621 266 1670 306 fic
1683 267 1742 306 so·

477 320 531 360 let
543 321 632 360 illud
646 322 783 374 τισίγε
804 319 995 371 usurpare.
1013 318 1140 358 Immo
1159 331 1240 371 quo
1256 319 1343 371 plus
1354 320 1575 366 conlidero,
1588 333 1638 360 eo
1653 333 1739 359 ma-

480 375 537 426 gis
552 373 752 427 perspicio,
767 387 910 412 nexum
926 373 1112 412 orationis
1127 372 1161 411 id
1177 371 1390 426 postulare:
1418 374 1570 424 languet
1587 374 1688 412 enim
1702 387 1741 413 a·

480 429 560 479 lioq
567 429 602 467 ui
615 440 718 467 nova
731 428 793 466 illa
808 428 1055 479 interrogatio
1068 427 1191 466 ὃέλεις
1204 424 1436 480 erluwinum
1447 440 1458 474 3
1470 428 1508 467 Si
1523 439 1619 466 vero
1633 440 1742 480 prae-

481 483 624 521 miserit
635 511 648 527 ‚
668 482 750 533 quid
759 493 848 520 taces
858 483 879 518 ?
891 480 1116 521 concinnius
1131 480 1312 532 sequitur,
1323 479 1394 518 vin’
1407 481 1511 532 igitur
1524 483 1689 533 pergam?
1702 481 1741 521 id

480 534 533 574 est
547 565 558 580 ‚
572 536 651 587 quia
663 548 767 582 taces,
781 550 838 588 ego
846 549 948 586 porro
962 536 1116 574 narrabo.
1132 534 1212 572 lam
1228 547 1325 573 vero
1338 533 1482 586 signum
1501 536 1740 588 interrogan-

480 589 541 635 di,
555 589 660 640 quod
674 587 758 641 post
771 590 854 627 τισί
872 602 922 640 γε
942 590 1069 627 aderat
1091 588 1130 626 in
1143 588 1224 627 edd.
1244 589 1357 627 etiam
1372 586 1481 627 omisi
1492 619 1502 637 ,
1515 589 1606 641 quia
1622 587 1739 628 Gesn.

479 641 531 680 fic
546 641 644 681 velle
661 643 787 680 video.
809 642 954 682 RHTz.
969 642 1159 694 Vulgatae
1182 641 1352 689 leffioni,
1367 654 1483 694 quam
1503 642 1679 682 tuendam
1699 641 1741 682 &

478 695 802 747 interpretandam
818 695 976 749 suscepi,
990 695 1083 735 illud
1097 695 1210 734 etiam
1223 694 1328 735 favet
1340 726 1351 744 ‚
1365 695 1470 748 quod
1482 707 1538 742 ea,
1555 708 1670 748 quam
1682 708 1743 736 re-

480 747 647 788 stitutam
665 751 825 803 cupiunt
839 750 1031 791 Graevius
1046 750 1085 788 &
1097 749 1285 795 Solanus‚
1300 748 1327 788 si
1340 750 1500 789 inventa
1513 748 1604 788 effer
1623 750 1658 788 in
1675 762 1744 789 an-

481 803 596 855 tiquis
616 804 917 856 exemplaribus,
933 804 1072 843 nemini
1090 804 1129 842 in
1150 815 1316 842 mentem
1337 804 1469 842 venire
1483 802 1663 856 potuiffet
1679 802 1746 843 vel

481 856 682 910 personam
699 857 908 898 adscribere
921 888 930 903 ‚
948 858 1011 897 vel
1033 858 1071 895 τί
1092 857 1231 909 σιγᾷςς
1253 857 1453 896 Ιεᾶὶίοηειτι
1473 856 1718 910 planiffimam
1731 886 1746 902 ,

480 913 522 949 in
536 914 617 950 τισί
628 927 677 965 ’γε
692 923 851 951 mutare.
868 912 906 951 Si
919 913 1008 964 quid
1021 912 1056 950 in
1071 911 1139 950 hac
1158 921 1238 950 arte
1256 911 1410 951 firmum
1423 910 1497 956 est..
1512 911 1604 950 illud
1617 911 1747 964 profe-

481 964 547 1004 ἃο
559 965 631 1010 est,
651 978 729 1004 non
749 978 932 1004 mutatam
952 965 1026 1005 effe
1045 965 1251 1005 leffionem
1265 966 1434 1018 planam,
1455 963 1627 1013 facilem,
1646 977 1746 1019 quae

481 1019 575 1057 nihil
590 1019 836 1059 dubitationis
849 1020 1024 1067 haberet,
1044 1020 1082 1058 in
1102 1018 1299 1059 diversam.
1319 1019 1456 1072 Neque
1472 1018 1523 1059 fic
1535 1029 1666 1058 errant
1681 1019 1746 1059 de-

482 1071 708 1126 scriptores,
724 1086 850 1126 neque
863 1073 913 1113 s1c
931 1073 1142 1113 emendant.
1158 1073 1287 1113 GESN.
1301 1073 1336 1111 in
1356 1074 1515 1112 Addend.

537 1130 609 1166 ead.
625 1127 649 1165 l.
668 1141 682 1165 1
693 1142 726 1166 2.
741 1131 841 1168 Τινὸς
855 1128 945 1180 λέγ.
961 1127 1108 1179 dorthin)
1120 1127 1212 1167 Non
1229 1126 1378 1180 poffum
1391 1127 1453 1166 hic
1466 1140 1554 1167 cum
1565 1127 1656 1166 viro
1669 1127 1748 1167 exi·

483 1181 567 1220 mio
580 1180 620 1222 &
631 1180 676 1220 de
687 1194 748 1220 me
761 1183 907 1234 optime
918 1183 1055 1221 merito
1068 1180 1204 1220 sentire
1216 1211 1227 1226 ,
1243 1181 1308 1234 qui
1323 1182 1415 1220 haec
1427 1181 1473 1220 de
1484 1180 1563 1220 alio
1579 1179 1747 1234 philoso-

483 1236 564 1288 pho
584 1235 683 1276 dieta
697 1235 794 1274 vult.
812 1236 1009 1276 Dicuntur
1022 1246 1124 1276 certe
1139 1235 1184 1274 de
1200 1235 1432 1275 Hermotimi
1451 1234 1650 1288 magistro,
1666 1234 1751 1275 five

483 1289 516 1329 is
527 1288 811 1341 Thesmopolus
826 1289 951 1336 fuerit,
967 1301 1012 1329 ut
1026 1289 1195 1341 superius
1211 1290 1328 1335 innui,
1347 1299 1413 1328 aut
1424 1289 1504 1328 alio
1517 1289 1662 1342 quovis
1675 1302 1750 1329 no-

485 1349 591 1383 mine
603 1354 717 1382 notus
729 1343 862 1384 homo.
877 1344 1004 1383 Miror
1019 1353 1146 1383 autem
1164 1344 1202 1382 in
1218 1354 1305 1382 toto
1318 1343 1393 1382 hoc
1406 1342 1578 1396 Dialogo
1590 1343 1749 1383 Luciani

484 1410 565 1437 non
581 1397 728 1436 solitam
745 1398 1068 1443 moderationem,
1086 1410 1163 1450 qua
1177 1397 1341 1436 hominis
1356 1395 1589 1437 sordidiffimi
1604 1410 1749 1437 nomen

483 1453 646 1491 reticere
660 1451 842 1491 sustinuit.
860 1452 970 1492 Unde
981 1452 1138 1503 colligo,
1152 1452 1282 1490 omnia
1295 1451 1378 1490 eius
1390 1450 1576 1503 opuscula
1586 1481 1600 1498 ‚
1613 1452 1651 1491 in
1663 1452 1751 1504 qui·

486 1506 561 1545 bus
575 1506 797 1544 nominatim
814 1507 851 1545 in
867 1505 921 1545 sui
933 1507 1117 1558 temporis
1131 1505 1309 1545 homines
1321 1505 1531 1555 invehitur,
1542 1505 1590 1545 ab
1602 1519 1651 1546 eo
1664 1505 1750 1559 post

488 1560 558 1599 XL
570 1561 700 1598 aetatis
711 1572 851 1599 annum
866 1559 1013 1612 scripta.
1029 1559 1187 1599 SOLAN.

545 1614 635 1666 Pag.
649 1614 734 1652 108.
749 1616 771 1653 l.
785 1613 905 1668 33Ἒνῃ
921 1615 984 1654 καὶ
998 1614 1079 1667 νέᾳ)
1092 1614 1177 1653 Vid.
1192 1612 1434 1666 Aristophan.
1447 1612 1575 1654 Schol.
1586 1613 1632 1653 ad
1646 1613 1752 1654 Nub.

490 1667 580 1707 Αᾶὶ.
594 1668 668 1715 IV,
681 1666 740 1707 Sc.
764 1681 799 1712 1,
820 1681 852 1714 1,
868 1668 933 1707 ubi
947 1667 1027 1708 fuse
1047 1678 1220 1714 enarrat,
1235 1680 1310 1720 qua
1331 1668 1479 1707 ratione
1492 1668 1528 1707 id
1543 1679 1684 1707 nomen
1696 1667 1754 1707 ul·

488 1723 589 1760 timo
605 1721 742 1760 mensis
754 1721 825 1761 diei
842 1723 1002 1761 inditum
1018 1722 1062 1762 fit
1073 1752 1082 1767 ,
1104 1723 1196 1774 quia
1208 1722 1344 1761 eodem
1367 1721 1428 1761 die
1442 1721 1536 1761 luna
1559 1722 1602 1762 δι
1621 1720 1754 1762 definit

490 1776 533 1815 δε
544 1776 687 1828 incipit.
701 1776 809 1814 Adde
821 1775 862 1815 δι
875 1776 971 1815 Plut.
986 1778 1022 1815 in
1037 1776 1181 1816 Solone
1192 1805 1202 1820 ,
1221 1790 1256 1829 p.
1276 1774 1347 1814 168
1358 1806 1369 1823 ,
1388 1789 1420 1814 1.
1437 1775 1595 1815 SOLAN.

543 1832 617 1868 ead.
630 1830 653 1867 l.
672 1842 702 1879 5.
715 1828 764 1868 ’13⁸
768 1829 902 1883 ιώτης)
924 1831 1015 1869 Non
1033 1830 1248 1884 simpliciter
1260 1829 1421 1868 hominem
1429 1830 1601 1883 privatum
1614 1827 1754 1883 fignifi-

491 1896 593 1927 care,
609 1882 670 1922 sed
684 1880 859 1933 ἄμουσον,
873 1887 984 1923 rudem
1001 1884 1214 1924 &incultum
1226 1914 1237 1932 ,
1255 1897 1303 1923 ex
1317 1884 1445 1922 addito
1457 1882 1627 1937 ἄγροικος
1639 1897 1757 1936 appa-

491 1948 564 1985 ret,
577 1937 616 1977 δι
630 1949 678 1976 ex
690 1937 784 1983 aliis,
799 1950 900 1989 quos
911 1939 1065 1978 adduxit
1077 1937 1266 1977 IenfiVid.
1283 1937 1392 1990 supra
1405 1938 1450 1977 ad
1464 1950 1498 1978 c.
1509 1939 1571 1990 67.
1583 1938 1708 1984 Adde,
1723 1936 1754 1977 fi

490 1991 617 2039 lubet,
630 1990 768 2031 Elsner.
783 1992 830 2030 ad
842 1992 928 2031 A&
941 1992 1080 2045 Apost.
1097 1992 1169 2038 IV,
1188 2006 1244 2044 13.
1259 1992 1402 2031 REITz.

546 2047 618 2084 cad.
630 2047 652 2083 l.
664 2045 966 2096 7.Ἐκ.τετίκαμεν
976 2046 1163 2099 ἓιάφορον)
1175 2045 1295 2085 Reae
1306 2046 1357 2084 ibi
1371 2047 1564 2097 interpres.
1577 2044 1640 2084 Est
1650 2044 1754 2085 enim

492 2098 662 2151 ἒιάφορον
683 2112 731 2138 ex
748 2099 848 2138 Suid.
870 2104 913 2139 τὸ
933 2100 1064 2149 τίμιον,
1085 2115 1214 2140 merces.
1228 2099 1366 2140 Cetera
1383 2099 1495 2139 huius
1513 2098 1670 2152 Dialogi
1684 2111 1754 2138 an-

491 2164 553 2192 tea
567 2152 646 2192 sum
659 2154 939 2206 interpretatus.
949 2155 1121 2194 BOURD.
1132 2153 1246 2194 Conf.
1258 2153 1342 2193 infr.
1354 2152 1488 2193 Amor.
1504 2166 1536 2193 c.
1548 2153 1584 2192 8.
1596 2153 1754 2193 SOLAN.

548 2209 620 2245 ead.
635 2208 657 2245 l.
676 2220 733 2259 ¹3·
748 2208 861 2246 Δι’,ιιην
876 2207 1038 2261 ἔφυγον)
1060 2208 1193 2248 Scribo
1204 2207 1349 2261 ἔφυγεν.
1362 2208 1501 2247 BROD.
1515 2207 1586 2247 Sed
1601 2208 1690 2260 quia
1705 2211 1748 2246 S.

494 2261 571 2301 hoc
592 2261 665 2300 iam
683 2261 814 2308 habet,
837 2274 911 2314 ego
933 2261 1054 2315 ἔφυγε
1069 2273 1228 2316 propter
1249 2262 1483 2316 euphoniam
1499 2261 1662 2301 scribere
1673 2273 1753 2301 non

496 2315 678 2354 dubitavi.
693 2315 841 2354 Rmz.

550 2368 813 2463 ibid.{‘E<pst¹2s-ezv)
827 2371 896 2409 W.
909 2369 1007 2410 Cod.
1023 2369 1063 2410 ὅ(
1076 2369 1246 2424 plerique
1260 2368 1423 2423 impreffi
1435 2367 1587 2422 ἔφυγον.
1601 2371 1643 2411 S.
1655 2368 1756 2409 refile

496 2432 673 2465 mutavit.
719 2432 849 2463 OLAN.
