1768 3185
113 172 186 218 IN
205 168 551 242 QUOMODO
568 168 736 217 HIST.
757 169 858 217 SIT
878 169 1138 220 CONSCR.
1206 177 1297 241 483

28 276 92 314 te,
117 277 217 318 quae
239 264 390 317 ingrata
409 261 515 310 sunt,
541 262 581 302 &
602 262 904 316 indignationem
923 273 1098 302 movent.
1127 262 1302 306 GRAEv.

81 322 155 358 ead.
169 319 194 357 l.
205 334 242 367 4.
253 317 471 370 Tnebrae)
487 317 602 370 Angl.
621 318 799 367 ἐραστάς.
812 316 985 356 BoURD.
998 316 1182 369 Ἐραστὲις
1198 332 1301 359 rece-

28 373 153 426 pimus
164 373 202 411 in
215 382 362 411 textum
373 401 386 419 ,
398 370 439 410 P.
460 373 577 410 etiam
600 369 871 410 consentiente.
889 370 1060 424 Vulgata
1073 371 1175 410 enim
1193 374 1303 413 nihili

26 426 182 480 prorsus
192 424 256 465 est.
273 423 401 464 Exstat
413 436 542 464 tamen
556 426 595 463 in
606 425 662 463 M.
677 424 834 463 §omi-z.

84 483 160 519 ead.
175 481 198 518 l.
210 473 340 518 6.‘'o⁷1
354 476 440 518 οὐδὲ
455 501 499 508 -
513 472 570 532 niv)
580 472 665 517 Ὀτι
679 473 765 516 οὐδὲ
780 480 929 527 τερπνὴν
941 478 978 516 ἐν
992 474 1091 527 adv?
1102 480 1144 516 τὸ
1159 478 1303 528 nobedis

25 532 210 583 poema,
224 533 290 571 καὶ
303 537 345 570 τὸ
357 532 439 588 τῶςς
451 533 610 571 ἐπαίνων
621 532 808 580 μάλιστα
822 531 1047 582 πρόσαντες,
1057 533 1149 583 παρ’
1169 521 1308 572 {nitra-¹

25 601 82 639 ρον
105 586 184 626 τοῖς
202 586 393 626 ἁκούουσιν
416 588 466 626 ἣν.
485 585 650 638 Indignis
673 585 796 624 modis
817 584 1062 624 confundunt
1076 586 1303 639 violamque

26 641 124 681 hanc
139 640 342 694 periodum
362 640 402 679 δι
424 652 578 679 omnem
593 640 674 678 eius
694 638 956 690 intelligendae
980 639 1079 680 viam
1093 669 1104 685 ‚
1120 640 1237 692 inque
1255 654 1303 681 ea

26 693 248 735 sententiam
272 693 428 734 Luciani
453 694 679 746 interpretes
703 692 850 736 Latini,
878 705 1047 745 quorum
1070 693 1303 734 Benedietus

26 749 79 788 ita
89 777 102 794 ‚
116 763 181 788 rem
196 747 297 786 valde
300 747 519 800 fabulosam,
535 749 684 800 quodqite
698 747 734 784 in
750 747 881 784 laudem
895 747 1117 798 maximopere
1129 748 1274 787 inclinat
1283 779 1300 795 ,

139 817 180 841 ue
190 803 405 841 audientibus
416 816 485 840 non
497 801 560 853 ff
571 801 766 839 iucundum.
787 799 912 851 Quod
931 811 1020 838 cum
1042 812 1109 853 per
1121 800 1156 840 se
1170 803 1302 854 ἀτεχ·

136 868 150 895 t
163 855 432 896 chimaericum
444 885 458 901 ,
472 855 595 894 immo
610 853 741 892 falsum
752 883 764 901 ‚
788 853 856 906 (&
870 865 940 892 cur
955 853 995 891 in
1018 855 1301 906 interpretatio-

26 922 76 950 ne
91 909 235 949 omittit
251 910 285 948 ἐν
298 905 396 957 αὐτῆ
405 908 445 961 3)
459 920 540 948 tum
556 907 585 947 fi
598 919 732 960 roges,
749 919 818 946 cur
831 908 1022 946 Lucianus
1039 909 1138 947 dicat
1150 902 1200 956 ῗῖν,
1220 922 1302 949 non

25 963 113 1004 ἐστὶ
123 992 135 1010 ,
151 961 328 1017 ρτοῐεᾶο
340 963 484 1002 nullam
498 961 610 1015 poffit
621 962 711 1000 dare
723 961 1136 1001 cautamffantundem
1151 962 1302 1015 respon-

26 1017 152 1063 debit,
165 1016 195 1056 fi
217 1029 354 1069 roges,
373 1017 464 1069 quid
485 1018 532 1055 fit
552 1017 706 1068 utrinque
727 1016 874 1053 audire?
891 1014 1043 1054 Deinde
1063 1017 1206 1069 pergit,
1220 1019 1301 1057 dum

26 1087 94 1111 non
107 1075 146 1110 de
151 1070 250 1122 faece
261 1072 434 1110 hominum
447 1071 682 1123 &promiscua
695 1069 786 1122 plebe
800 1070 864 1108 hoc
874 1069 1115 1120 intelligamus,
1122 1072 1188 1121 sed
1203 1073 1243 1109 de
1255 1072 1299 1110 iis

24 1125 101 1165 «Sic.
117 1123 227 1177 Quid
240 1123 382 1177 quaeso
396 1124 648 1177 intelligemus
665 1124 710 1162 de
726 1122 810 1168 illis,
826 1133 958 1162 utrum
973 1124 1146 1172 laudatis,
1157 1137 1205 1162 an
1217 1124 1301 1164 lau·

25 1178 227 1219 dantibus?
239 1179 302 1218 Ad
316 1179 382 1218 has
394 1191 522 1218 tamen
536 1178 779 1217 absurditates
794 1177 956 1228 praeivit
970 1177 1172 1229 Micyllus,
1189 1180 1301 1218 cuius

27 1233 121 1273 haec
134 1232 240 1272 sunt:
255 1236 348 1286 quod
356 1248 458 1286 neque
469 1233 654 1271 iucundum
666 1234 749 1270 adeo
765 1231 800 1268 in
812 1231 946 1284 historia
954 1261 969 1277 ‚
984 1234 1077 1284 quod
1088 1232 1185 1270 valde
1188 1232 1299 1283 fabu-

25 1286 134 1339 losum
146 1288 209 1341 est,
222 1286 258 1326 δ’
271 1290 320 1327 ad
330 1287 464 1326 laudem
483 1287 629 1325 maxime
641 1285 805 1330 inclinat,
818 1286 988 1337 utrobique
1007 1286 1219 1325 auditoribus
1235 1286 1300 1339 eff'e

18 1341 127 1393 finiet,
139 1344 219 1380 dum
239 1356 308 1380 uon
326 1343 366 1380 de
376 1340 475 1391 faece
489 1341 660 1379 hominum
673 1355 714 1378 ac
734 1340 840 1378 multa
857 1340 1110 1392 promiscuaque
1123 1341 1216 1390 plebe
1235 1343 1299 1380 lzoc

23 1395 252 1448 intelfigamus
265 1394 341 1435 διε.
352 1394 559 1434 illaudabili
569 1392 759 1434 versione.
775 1392 1032 1446 Interpretor:
1047 1409 1115 1432 non
1129 1394 1236 1446 rffein
1248 1395 1299 1432 hi-

19 1451 123 1503 storia
142 1449 324 1489 iucundum
336 1449 389 1495 id,
405 1450 498 1502 quod
509 1449 554 1499 est
574 1448 695 1501 oppido
705 1446 918 1498 fizbulosum.
941 1447 1062 1485 Etiam
1082 1448 1298 1487 laudationes

21 1503 161 1544 nimium
175 1503 359 1556 proclives,
377 1503 592 1541 audientibus
611 1502 769 1541 accidunt
789 1501 824 1538 in
846 1512 1021 1554 utrumque
1034 1500 1052 1553 (
1064 1513 1106 1540 nt
1125 1514 1204 1540 non
1226 1501 1298 1541 fint

22 1557 169 1610 semper
184 1557 374 1597 iucundae
384 1585 396 1604 ‚
410 1555 471 1596 sed
483 1567 626 1609 queant
638 1553 712 1594 effe
727 1555 937 1601 iucundae,
952 1565 1093 1606 queant
1109 1554 1183 1594 effe
1203 1567 1300 1595 con-

21 1612 166 1652 trariae
178 1612 403 1664 &ingratae
414 1610 468 1650 ob
485 1611 614 1649 varias
638 1607 780 1654 causas,
794 1620 840 1647 ac
857 1607 921 1648 vel
935 1608 1067 1647 dextre
1078 1608 1142 1648 vel
1155 1608 1299 1649 finistre

23 1666 166 1719 accipi,
188 1678 230 1706 ut
246 1665 413 1705 maxime
427 1665 701 1717 proprietatem
718 1661 897 1716 phraseos
920 1663 1171 1714 attingamus,
1195 1675 1298 1715 quae

23 1720 197 1760 occurrit
208 1720 304 1759 Ver.
320 1717 414 1758 Hist.
431 1719 471 1765 Ι,
487 1730 573 1771 cap.
597 1730 671 1765 40,
687 1717 718 1755 oi
739 1716 806 1767 μὲν
828 1717 920 1768 παρ’
934 1715 1097 1766 ἑκάτερα,
1111 1715 1176 1755 τῆς
1191 1714 1298 1756 νήσου

23 1771 252 1827 καθήμενοι.)
267 1774 353 1813 Non
365 1773 512 1824 intellige
525 1771 657 1822 faecem
668 1770 845 1822 confusam
859 1769 894 1808 δ’
906 1770 1129 1822 promiscuam
1146 1771 1271 1822 plebem
1282 1801 1297 1817 ‚

22 1827 83 1877 fed
98 1829 172 1868 διε.
187 1828 330 1881 quibus
341 1826 470 1866 verbis
484 1825 672 1872 describit,
685 1838 786 1878 quos
799 1823 1005 1862 ἀκούοντας
1020 1824 1151 1862 innuat
1165 1839 1172 1861 :
1185 1824 1296 1876 quast

25 803 94 842 ueri

25 855 92 897 οὖς

24 1882 147 1928 dicat,
167 1894 247 1921 non
262 1880 291 1920 fi
306 1893 355 1921 eo
368 1879 491 1932 usque
512 1879 714 1920 ascendant
730 1877 820 1917 istae
833 1877 1091 1922 laudationes,
1115 1889 1160 1916 ut
1182 1879 1297 1917 etiam
1361 1883 1366 1890 ⁸

21 1935 143 1974 infimi
154 1936 322 1982 videant,
335 1945 373 1973 te
386 1935 424 1972 in
435 1934 627 1974 laudando
641 1933 825 1972 excedere
838 1932 1014 1977 modum,
1029 1929 1090 1969 sed
1101 1929 1129 1968 sl
1143 1942 1299 1972 tantum.

21 1987 76 2030 fic
91 2002 180 2042 agas
190 2021 202 2039 ,
217 2001 261 2029 ut
275 1986 476 2028 acutiffimi
490 1987 528 2027 id
542 1987 773 2040 percipiant,
796 1985 881 2030 vel,
900 1997 944 2025 ut
963 1984 1039 2037 ipse
1062 1985 1220 2037 exponit
1236 1987 1296 2024 in-

21 2042 80 2083 fra
101 2056 182 2096 cap.
203 2058 266 2090 11,
286 2043 380 2082 ὅταν
396 2044 503 2080 κατὰ,
521 2041 661 2094 τέχνην
675 2036 769 2079 αὐτὸ
791 2038 927 2091 δρῶσιν
946 2039 1009 2077 καὶ
1031 2039 1296 2089 ἐπισκιάζουσι

21 2097 91 2138 τὴν
102 2098 281 2145 θωπείαν,
295 2095 388 2135 ἀλλ’
409 2096 521 2149 ἀθρόα,
534 2099 668 2135 πάντα
682 2094 747 2134 καὶ
769 2093 939 2133 &orroei-va
961 2092 1027 2131 aa}
1038 2095 1170 2145 γυμνὰ.
1188 2092 1295 2144 Steg-

22 2150 134 2192 ιὀισιν.
150 2150 296 2192 GRON.
382 2190 384 2193 ,

44 2228 47 2230 -
77 2207 150 2244 ead.
162 2206 187 2243 l.
203 2206 239 2243 8.
250 2201 482 2255 Πρὸσαντες)
493 2202 659 2242 Videtur
676 2201 769 2241 nihil
782 2212 882 2255 opus
904 2199 978 2240 effe
996 2200 1086 2240 huic
1098 2200 1210 2246 loco,
1227 2198 1295 2238 nifi

23 2269 67 2299 ut
77 2270 301 2304 revocetur,
314 2258 420 2311 quod
432 2257 507 2296 iam
519 2255 678 2303 fa&um‚
693 2255 906 2307 fimpliciter
920 2254 1055 2293 Aldina
1067 2253 1194 2299 leffio,
1212 2252 1297 2292 sub-

23 2313 107 2352 lato
120 2312 242 2352 solum
260 2311 398 2360 inciso,
413 2311 521 2364 quod
543 2311 596 2349 ibi
609 2311 721 2350 etiam
739 2310 896 2363 ponitur
911 2310 1010 2347 inter
1027 2310 1234 2361 πρόσαντες
1251 2307 1296 2345 &

23 2367 114 2418 παρ’
123 2364 302 2419 ἑκάτερον.
318 2366 509 2405 Nimirum
531 2365 606 2404 hoc
620 2364 710 2416 παρ’
724 2362 905 2415 ἑκάτερον,
927 2363 965 2400 ἰη
986 2374 1070 2414 quo
1095 2372 1294 2414 tantopere

25 2420 236 2467 laboratur,
248 2421 293 2459 ad
303 2418 512 2471 πρόσαντες
523 2417 684 2458 refertur
696 2415 1008 2457 commodiffime.
1026 2416 1194 2468 Utrinque
1198 2428 1296 2466 prae-

25 2487 161 2527 ruptum
177 2476 221 2529 est
235 2474 277 2515 δι
292 2474 504 2514 audentibus
522 2470 724 2513 adversum
747 2481 863 2524 atque
882 2468 1085 2563 mali-imm
1097 2501 1110 2518 ,
1126 2481 1207 2508 non
1226 2469 1296 2507 mi-

1023 2537 1044 2562 2
