1768 3185
139 222 210 266 IN
234 219 583 291 QUOMODO
603 219 766 266 HIST.
785 218 886 266 SIT
905 217 1170 266 CONSCR.
1239 240 1297 286 49
1309 238 1335 285 5,

56 304 155 346 κότα
173 308 313 362 λέγειν,
327 307 358 346 εἰ
375 308 503 362 ὀλίγον
519 307 719 360 ἐντρέψας,
734 309 787 347 τέι
800 306 908 348 αὔτα
928 307 1058 347 ἐκείνου
1071 311 1178 362 λέγοι
1196 324 1253 350 τις
1268 326 1334 360 μι-

58 364 129 413 κροὶ
139 360 309 411 κᾴκεῆια,
319 358 367 402 ὦς
377 362 442 401 καὶ
453 359 566 402 αὗτὸς
580 362 628 402 ἂν
641 364 771 413 φαίης.
783 359 820 402 οὗ
833 362 884 402 ᾸῪ
895 357 1010 402 αὖτῗιν
1023 362 1061 402 νὴ
1073 365 1163 410 Δία,
1176 363 1331 412 κᾴκεϊνα

56 416 185 469 ὂλίγου
200 415 280 456 δεῖν
294 417 514 467 παρέλιπον.
541 416 826 456 salmuriensis:
851 417 949 454 Nam
969 418 1085 469 rursus
1099 419 1229 455 abunde
1246 419 1335 456 illud

57 468 227 522 [icppetit‚
247 481 369 523 putare
388 472 451 509 hoc
463 470 527 522 effi
541 471 734 523 Thucydidi
737 472 866 522 similia
882 472 1006 516 dicere,
1025 472 1062 521 fi
1070 485 1195 523 parum
1209 474 1335 510 reveri-

56 535 131 570 tus,
143 538 183 562 ea
194 553 207 572 ‚
226 538 313 576 quae
317 524 406 576 ficnt
416 525 538 577 ipsius,
559 525 677 563 diceret
687 525 867 578 quispiam,
880 539 995 578 parva
1006 525 1042 563 δ’
1056 524 1132 570 illa,
1147 537 1187 563 ut
1198 525 1270 578 ipse
1284 519 1334 563 ‹Ji-

59 577 149 616 xen's
160 578 270 617 etiam.
294 580 380 617 Non
395 580 436 618 ob
449 594 521 617 earn
533 577 670 628 caustzm
681 594 742 631 per
753 580 862 618 Iovem
871 609 884 624 ,
905 578 942 616 δ’
951 592 1074 629 parum
1086 577 1202 629 abfitit
1212 610 1222 626 ‚
1244 580 1326 633 quin

44 631 120 670 .1·lla
129 632 416 684 praetermiserim.
434 631 584 684 Ecquid
599 643 748 685 poterat
761 631 1036 672 monstrosius?
1058 631 1171 672 Estne
1183 634 1251 685 qui
1271 634 1335 672 in-

58 684 223 738 telligat,
237 686 330 738 quid
353 687 541 737 interpres
554 685 621 725 fibi
634 687 740 726 velit.
767 686 810 725 In
823 686 984 726 Graecis
1002 686 1132 725 verbis
1151 687 1244 725 nihil
1257 687 1310 726 est
1322 717 1336 736 ,

56 739 164 792 quod
178 739 300 792 paulo
311 740 580 779 humaniorem
594 751 780 780 moretur.
794 740 951 780 Illorum
964 753 1061 780 vero
1076 740 1169 780 haec
1181 741 1233 779 est
1248 740 1331 781 ser.-

19 838 23 844 .
58 793 198 832 tentia:
218 795 271 832 Et
282 794 346 834 hoc
355 809 497 847 namque
508 795 608 833 valde
611 792 772 847 frequens
781 810 872 833 nunc
885 796 927 846 est
939 823 949 838 ‚
964 798 1058 846 quod
1061 807 1184 846 putent
1199 795 1335 849 Thucy-

57 847 165 886 AEdem
180 848 304 901 egregie
316 847 358 899 se
375 847 516 899 referre,
525 849 756 912 fifaululum
774 849 915 887 mutatis
935 848 1162 899 Thucydiden
1184 851 1261 901 quis
1277 852 1333 888 di-

57 913 128 948 cat,
141 900 176 940 6⁸
190 901 253 939 illa
266 903 395 954 quidem
403 917 533 955 parva,
553 916 602 941 ως
616 902 679 950 rai
690 901 807 942 αῦτὶς
822 901 866 941 ἂν
881 902 1009 953 φαίης,
1025 903 1100 941 hoc
1113 902 1166 942 est
1178 932 1190 950 ‚
1210 916 1250 941 ut
1261 904 1331 955 ipse

50 955 212 1006 fatearis.
225 957 279 994 Et
295 956 359 1008 ista
369 986 379 1004 ‚
394 971 458 1009 per
466 957 599 1003 Iovem,
615 971 738 1008 parum
753 958 860 1009 abest,
884 956 965 1008 quin
977 955 1152 1006 omiserim.
1180 956 1242 995 Est
1255 957 1332 997 hcc

58 1021 180 1061 genus
194 1008 402 1061 loquendi,
423 1006 470 1049 ὣς
483 1010 546 1048 καὶ
561 1007 676 1049 αὐτὸς
692 1009 737 1048 ἂν
751 1010 884 1059 φαίης,
895 1009 1116 1061 Thucydidi
1129 1009 1309 1062 frequens
1320 1043 1331 1059 ,

57 1063 166 1114 quod
179 1062 231 1102 illi
243 1062 346 1103 stulti
358 1064 586 1110 imitatores,
600 1063 752 1103 servum
769 1076 901 1117 pecu5‚
917 1065 1067 1116 saepius
1078 1064 1332 1115 inculcabant,

57 1115 232 1169 aliaque,
252 1118 384 1168 paucis
398 1118 631 1164 immutatis,
651 1118 758 1169 quod
776 1119 816 1158 c&
830 1130 994 1157 avorum
1015 1117 1238 1158 nostrorum
1253 1133 1334 1159 me-

57 1172 181 1210 moria
197 1171 232 1210 in
248 1171 332 1218 illis,
343 1172 411 1224 qui
425 1172 675 1211 Ciceroniani
694 1173 881 1211 volebant
896 1172 1039 1218 videri,
1059 1185 1137 1211 non
1152 1185 1242 1212 raro
1257 1173 1333 1212 fuit

57 1226 292 1277 exagitatum
308 1226 357 1265 ab
369 1227 428 1274 iis,
439 1226 507 1279 qui
521 1239 658 1266 veram
672 1225 875 1266 Ciceronis
891 1226 1062 1265 imitandi
1077 1227 1267 1266 rationem
1282 1239 1333 1268 te-

56 1279 210 1318 nebant.
236 1278 406 1319 GRAEv.

112 1332 204 1386 Pag.
224 1331 311 1382 178.
324 1334 349 1373 l.
365 1347 402 1384 7.
427 1333 530 1373 Πλὴν
544 1333 651 1372 ἀλλὰ
663 1334 792 1388 μετρ.)
816 1334 940 1374 Prava
953 1332 1132 1374 verfione
1145 1336 1333 1387 pervertit

55 1383 245 1440 interpres
263 1400 419 1427 omnem
439 1387 581 1427 horum
594 1389 807 1428 verborum
828 1388 1052 1441 elegantiam
1069 1390 1175 1427 iuxta
1190 1388 1232 1427 &
1249 1388 1333 1429 sen-

56 1436 139 1479 sum
149 1469 161 1488 .,
183 1440 284 1480 πλὴν
297 1442 408 1480 ἀλλὰ
418 1442 659 1494 μετριώτερός
674 1456 699 1495 ‘J
712 1457 729 1481 ε
748 1442 763 1481 ὃ
781 1441 934 1482 ἰδιώτης
948 1435 1054 1481 οὗτος
1067 1435 1121 1488 viv,
1137 1438 1250 1482 αὗτὸς
1261 1443 1331 1494 μὲν

60 1489 203 1533 ari-tim
216 1493 332 1535 «Τῆλος
344 1495 403 1543 ὢν,
419 1491 489 1535 οἷὸς
504 1489 555 1545 riv,
576 1497 682 1545 ἄλλῳ
697 1495 744 1536 δέ
757 1510 827 1536 τινι
844 1496 1032 1549 χαριέντι,
1045 1496 1112 1535 καὶ
1127 1495 1332 1548 «Γυνιισυμέ-

56 1561 103 1596 νῳ
115 1547 277 1601 ἱστορίαν
288 1551 655 1603 μεταχειρίσασθαι
671 1550 904 1596 πεπονηκὼς,
932 1550 1110 1596 reddens,
1131 1567 1245 1590 verum
1261 1568 1330 1591 mo-

58 1603 177 1656 destior
188 1605 232 1656 est
243 1604 298 1642 lu'c
315 1605 492 1654 privatus,
515 1607 572 1656 qui
584 1605 697 1657 qualis
702 1607 771 1656 fit,
786 1605 902 1656 statim
921 1605 1101 1655 apparuit,
1119 1618 1218 1658 atque
1231 1607 1329 1644 alteri

56 1657 218 1709 cuipiam,
232 1657 289 1710 qui
295 1659 346 1708 fit
357 1670 490 1711 gratus,
504 1659 538 1697 δ’
553 1659 720 1712 historiam
734 1661 834 1711 poffit
844 1660 994 1711 aggredi,
1017 1659 1190 1698 materiam
1195 1658 1330 1710 submi-

57 1711 225 1764 nistrav'it.
251 1710 522 1766 Praeterquam
533 1713 638 1766 quod
652 1713 799 1766 χαρίεις
812 1712 874 1752 hic
887 1725 966 1752 non
979 1712 1032 1752 est
1042 1726 1175 1765 gratus,
1194 1712 1256 1753 sed
1269 1717 1332 1753 do—

58 1768 145 1812 elus,
159 1766 304 1817 politus,
319 1777 362 1805 ut
375 1767 421 1805 ad
440 1766 542 1807 hunc
559 1766 693 1807 locum
707 1767 977 1806 animadvertit
993 1766 1189 1808 Graevius
1210 1767 1226 1806 ὅ
1243 1782 1333 1818 χα-

53 1819 267 1872 ριέστατος,
289 1813 327 1861 »iv
340 1821 378 1859 in
392 1820 466 1860 hac
480 1821 640 1873 periodo
656 1834 734 1860 non
749 1823 805 1875 cst,
824 1833 894 1860 nec
904 1823 966 1872 fit,
980 1820 1042 1860 sed
1056 1820 1134 1873 effer
1151 1821 1214 1860 vel
1220 1820 1330 1872 finer,

58 1873 286 1913 vertendum
304 1873 392 1920 fuit,
405 1885 449 1914 ut
459 1874 588 1928 saepe:
613 1875 701 1914 vide
713 1874 772 1922 sis,
786 1888 886 1927 quae
902 1874 1012 1928 supra
1025 1875 1088 1913 lib.
1111 1888 1144 1922 1,
1158 1888 1239 1923 c.4,
1254 1888 1333 1915 no-

57 1927 242 1968 tavimus.
264 1927 448 1968 Ceterum
463 1929 611 1968 dixerat
624 1927 778 1975 Noster,
790 1929 888 1968 inter
898 1929 1010 1974 alios,
1021 1941 1121 1981 quos
1136 1929 1257 1968 malos
1269 1930 1330 1969 vi-

58 1981 154 2021 derit
169 1980 386 2028 historicos,
406 1981 526 2029 fuiffe,
545 1984 613 2036 qui
626 1983 785 2029 nudam,
801 1981 980 2028 sterilem,
993 1983 1032 2022 δι
1045 1982 1181 2022 exilem
1196 1996 1331 2023 corra-

55 2033 157 2075 sisset
165 2048 294 2076 rerum
309 2035 551 2089 farraginem,
565 2036 650 2076 stilo
664 2037 835 2089 pedestri,
852 2037 958 2076 humi
979 2048 1157 2089 repente3
1179 2050 1259 2076 non
1277 2037 1334 2078 se-

57 2102 128 2129 cus
141 2103 258 2142 quam
270 2089 298 2129 si
315 2091 422 2130 miles
436 2091 587 2143 quidam
599 2122 611 2140 ‚
625 2104 724 2144 quae
740 2090 895 2143 singulis
908 2091 1039 2130 diebus
1052 2103 1247 2143 gerantur,
1262 2105 1331 2131 an-

58 2154 220 2190 notans,
244 2157 289 2185 ea
310 2143 602 2197 composuiffet;
624 2145 688 2184 vel
708 2144 827 2192 faber,
848 2145 910 2184 vel
926 2145 1000 2184 lixa
1015 2145 1137 2186 castra
1152 2144 1331 2198 sequenS.

57 2198 146 2250 Nisi
154 2200 246 2252 quod
268 2197 338 2251 (fic
353 2210 489 2246 verto,
510 2211 612 2251 quae
628 2212 748 2251 porro
762 2197 901 2238 Noster
913 2199 982 2252 ait)
1005 2201 1122 2238 melius
1135 2202 1268 2239 modum
1280 2213 1330 2239 te-

61 2265 150 2291 neret
160 2253 255 2292 nafis
267 2252 325 2292 ille
334 2253 370 2291 6·
382 2254 569 2305 impolitus,
583 2254 640 2306 qui
647 2253 778 2305 statim,
792 2253 903 2306 qualis
917 2254 1015 2306 effer,
1035 2252 1191 2305 cognosci
1201 2253 1327 2306 poffit,

61 2307 120 2359 qui
142 2321 182 2345 ue
189 2306 394 2360 impendfft
404 2308 492 2347 hunc
503 2307 740 2353 lahorem‚eum
752 2309 939 2347 ornandum
948 2310 1091 2346 daturus
1104 2308 1165 2346 alii
1176 2309 1324 2361 cuipiam

57 2322 167 2411 polt'qto
180 2376 223 2400 ac
234 2362 373 2407 cruento,
389 2362 424 2400 δ’
436 2363 486 2400 ad
496 2360 760 2413 conscribendam
774 2362 1037 2414 historiamfiztis
1051 2365 1143 2401 doHo
1157 2364 1243 2402 viro.
1259 2362 1326 2402 Sic

60 2413 170 2454 locus
180 2414 243 2454 hic
252 2414 530 2468 intelligendus,
543 2428 615 2468 pro
626 2415 789 2468 vulgato
796 2416 1011 2455 πεπονηκὼς
1020 2429 1067 2455 ex
1076 2415 1235 2457 Graevii
1243 2417 1327 2457 MS.

63 2469 352 2520 προπεπονηκὼς
364 2469 481 2513 Ιεξὲο,
501 2469 621 2509 verbo
636 2469 725 2509 huic
739 2469 762 2508 1.
779 2480 821 2509 ut
836 2470 1007 2509 reeievir
1020 2469 1065 2509 cl.
1076 2471 1228 2518 iudicat,
1241 2483 1331 2510 con-

65 2521 359 2564 venientiffimo.
382 2524 561 2563 Verbum
580 2525 766 2575 ‹rpoorove‘co
790 2524 907 2564 habet
929 2525 1083 2577 quidem
1105 2525 1157 2565 H.
1175 2522 1331 2578 Stepha-
