1768 3185
135 223 207 270 IN
225 222 567 295 QUOMODO
589 223 750 271 HIST.
770 223 871 271 SIT
891 224 1150 275 CONSCR.
1222 245 1307 294 513

34 336 59 350 -,
88 311 175 352 ibid.
186 311 362 366 Τέιγμαι)
378 309 541 351 Disertis
559 311 691 352 verbis
710 311 901 365 legionem
916 311 991 352 effe
1011 313 1122 352 docet
1141 315 1255 368 Xiph.
1273 318 1312 357 in

41 359 101 406 M.
116 366 250 460 gurel.
267 366 486 415 Antonino,
504 363 661 405 καλοῦσι
675 364 720 405 Σὲ
734 368 779 405 τὸ
791 369 936 419 τάγμα.
947 365 977 406 οἱ
991 365 1157 417 Ῥωμαῖοι
1171 371 1313 422 λεγεῶ-

41 433 101 461 νει.
147 429 277 461 οιΑΝ.

95 477 170 513 ead.
183 474 208 512 l.
229 488 243 512 1
254 488 288 513 2.
301 472 476 523 Κασσίῳ)
489 472 554 512 De
565 485 614 512 eo
627 473 699 510 iam
715 470 862 526 saepius
874 471 987 526 supra
1001 473 1140 515 diuum
1152 473 1216 515 est.
1233 477 1311 517 Hic

41 538 170 566 autem
188 526 336 567 Caffius
348 527 401 566 est
411 558 422 574 ‚
437 529 504 580 qui
519 526 648 578 postea
659 556 671 572 ,
687 526 833 579 perlato
847 527 892 566 de
913 538 1039 567 morte
1053 529 1200 569 Aurelii
1216 529 1311 571 falso

39 581 206 627 nuntio,
221 580 378 628 defecit,
400 581 442 620 &
462 582 665 632 imperium
682 578 898 627 affec'taviu
921 593 1046 633 neque
1069 583 1116 621 ab
1130 583 1331 637 incepto„

39 646 129 674 cum
143 635 277 674 vivere
293 633 451 674 resciffet
462 664 472 681 ‚
488 635 616 673 oblata
631 634 742 672 etiam
758 635 890 679 venia,
907 634 1054 674 destitit.
1068 636 1225 676 SOLAN.

93 690 166 727 ead.
178 689 202 727 l.
217 701 276 738 15.
289 687 551 740 Μουζοὺριὲος)
564 688 635 727 W.
651 687 871 740 Μουζίριὸσς.
886 687 1143 742 Quocunque
1157 691 1309 731 tandem

41 742 163 782 modo
177 740 337 790 scribas,
349 741 440 782 urbs
455 741 507 781 est
523 741 616 779 mihi
639 742 792 794 prorsus
815 742 966 794 ignom:
985 743 1024 781 in
1042 743 1166 793 India,
1182 746 1220 784 ni
1240 745 1311 785 fal·

38 794 114 842 lor,
127 797 342 850 quaerenda
356 795 430 840 est„
449 805 493 833 ut
507 808 624 847 quam
640 795 886 834 remotiffime
901 807 923 833 a
942 796 1116 837 Luciano
1130 810 1313 850 ponatur.

38 848 200 890 δοῖ-ΑΝ.
224 849 391 890 Solanus
411 850 595 888 Muzurin
620 851 752 888 urbem
776 850 947 902 ignotam
965 851 1026 889 ait.
1042 852 1096 889 At
1109 852 1312 893 Baudrand

39 915 90 945 ex
103 903 263 944 Ptolem.
276 904 412 943 urbem
424 904 464 943 δι
475 903 696 955 emporium
707 903 835 942 Indiae
849 904 946 942 intra
961 903 1138 957 Gangem
1154 906 1226 946 effe
1237 907 1310 948 do-

39 968 113 998 cet.
130 957 279 998 RErrZ.

95 1002 277 1064 Pag.i96.
292 1010 475 1063 Ι.3.“Οττι
491 1010 571 1063 κεν)
582 1009 716 1061 Longe
730 1009 839 1049 aliter
853 1011 1101 1063 proverbium
1119 1013 1195 1053 hoc
1209 1015 1309 1066 apud

38 1063 147 1105 hunc
161 1066 250 1105 alibi
262 1065 399 1117 legitur
413 1066 453 1104 in
464 1064 559 1104 ‘Pu-r.
574 1077 660 1117 cap.
682 1066 723 1102 ιδ
739 1064 870 1103 ;“Οττι
883 1080 941 1103 κεν
957 1066 1021 1104 ἐπί
1033 1081 1074 1105 κε
1088 1065 1186 1117 ῥῆμα
1199 1079 1266 1120 γλ.
1279 1070 1309 1109 ε’.

40 1117 154 1170 Quin
164 1119 205 1159 δι
218 1119 295 1159 hoc
307 1118 389 1171 ipso
402 1119 439 1157 in
455 1119 545 1159 loco
557 1119 700 1158 Bourd.
715 1118 820 1157 audis
833 1124 1055 1158 monentem
1069 1120 1142 1173 legi
1157 1123 1195 1160 in
1206 1122 1234 1160 F
1236 1123 1309 1162 lor.

37 1171 103 1212 ἐπὶ
117 1173 183 1214 καὶ
196 1171 306 1226 ῥῆμα.
321 1172 438 1213 Certe
450 1172 500 1212 stc
516 1174 551 1211 in
567 1172 605 1211 Ρ.
621 1173 693 1224 legi
705 1171 890 1217 testantur
908 1185 1088 1226 excerpta
1103 1175 1310 1224 Perizonii‚

31 1225 83 1269 A&
101 1226 154 1266 ita
166 1228 205 1266 in
225 1225 404 1278 impreffo
417 1226 470 1266 Fl.
485 1227 528 1266 In
547 1227 602 1266 M.
617 1227 731 1265 etiam
742 1256 754 1272 ‚
770 1225 832 1265 sed
847 1227 884 1264 in
901 1226 1013 1266 litura
1027 1241 1098 1280 pro
1112 1229 1309 1283 ἐπικαιρί-

35 1294 120 1330 μαι,
140 1281 244 1334 quod
266 1282 314 1320 ibi
334 1281 440 1334 prius
461 1292 555 1320 erat.
581 1281 688 1320 Haec
702 1289 831 1318 autem
848 1280 966 1320 verba
980 1280 1064 1320 sunt
1084 1283 1151 1335 qui
1165 1297 1212 1322 ex
1229 1284 1310 1324 Ae-

36 1332 178 1386 schylo
190 1333 363 1375 desumta
383 1334 565 1380 afferant,
583 1334 860 1386 Platonemque
881 1333 1087 1375 sententiae
1109 1337 1309 1377 auclorem

38 1387 223 1441 affignent
238 1389 284 1428 de
296 1389 395 1444 Rep.
415 1389 530 1437 VIII,
545 1403 581 1440 p.
602 1402 680 1441 499
699 1387 749 1426 D.
769 1388 840 1427 Sed
857 1387 1013 1428 frustra:
1034 1390 1084 1428 ibi
1101 1392 1202 1430 enim
1221 1392 1310 1431 lon-

37 1453 86 1494 ge
100 1443 208 1483 aliter
225 1442 396 1483 effertur.
421 1443 484 1498 EQ
495 1443 614 1482 verba
633 1442 815 1481 Platonis:
840 1439 966 1482 οὐκοῦν
989 1443 1079 1482 κατ’
1099 1445 1308 1498 Αἰσχυλον,

36 1497 105 1545 ἔφη
116 1527 130 1544 ,
144 1496 304 1550 ἐροῦμεν,
318 1497 374 1536 ὅτι
391 1495 447 1537 νῦν
462 1497 536 1537 ἠλέΓ
547 1496 773 1545 ἔτλα-τόμος
785 1496 911 1535 laudat
925 1497 1039 1535 etiam
1057 1498 1152 1537 Plut.
1169 1500 1310 1539 eodem

37 1551 182 1599 modo,
199 1565 281 1605 quo
303 1551 412 1591 Plato
426 1581 437 1599 ‚
461 1550 502 1590 δι
525 1551 569 1589 ad
593 1550 753 1605 eundem
775 1549 1013 1601 Aeschylum
1033 1553 1229 1594 :melotem
1249 1567 1308 1594 re-

36 1601 114 1645 fert
134 1605 234 1655 ἔρωτ.
257 1605 376 1658 1358,
405 1620 451 1652 2,
477 1604 558 1644 ἐπεὶ
579 1603 635 1643 νῦν
650 1605 750 1644 ἦλθεν
774 1603 837 1643 ἐπὶ
857 1604 985 1654 στόμα.
1006 1605 1093 1643 κατ’
1115 1608 1308 1659 Αίσχυλον

0 1679 1 1683 =
38 1657 116 1699 ἃς.
133 1660 186 1698 At
197 1658 366 1711 Dionys.
380 1659 504 1699 Halic.
519 1659 564 1698 de
575 1657 701 1697 struet.
717 1671 772 1697 or.
787 1658 827 1704 1,
842 1657 863 1696 8
879 1658 934 1697 ed.
950 1658 1071 1698 Lond.
1084 1659 1189 1699 aliter
1201 1663 1241 1700 &
1254 1660 1309 1700 iis-

38 1713 126 1753 dem
142 1712 220 1753 fere
240 1714 391 1761 verbis,
418 1713 558 1766 quibus
585 1712 622 1750 in
644 1712 808 1763 vulgatis
828 1712 886 1751 hic
904 1712 1117 1759 Lucianus,
1138 1716 1184 1752 ad
1205 1715 1307 1756 hunc

38 1778 179 1817 nempe
189 1769 349 1807 modum
359 1783 368 1807 :
379 1766 408 1807 εἰ
418 1769 600 1818 μέλλουσι
609 1764 663 1816 μὴ
676 1765 751 1806 πᾶν
763 1765 819 1805 ’ότι
830 1780 890 1804 κεν
901 1766 962 1805 ἐπ’
971 1771 1171 1818 ἂκαιριμοιν
1183 1769 1309 1820 γλῶσ-

37 1834 116 1861 σαν
127 1821 218 1861 ἔπος
231 1820 309 1871 ἔλθῃ
323 1822 470 1874 λέγειν,
480 1821 582 1871 μηδὲ
597 1818 678 1859 εἰκῆ
691 1817 872 1859 συνθήσειν
885 1822 940 1857 τὲι
951 1823 1225 1872 προστυχὸντοι
1239 1823 1308 1861 ἀλ·

38 1871 174 1916 anime.
188 1874 413 1928 Eodemque
426 1873 578 1928 prorsus
592 1875 710 1913 modo
727 1874 951 1912 Athenaeus
963 1875 1028 1911 lib.
1043 1874 1093 1920 V„
1112 1887 1147 1926 p.
1166 1889 1186 1912 2
1200 1889 1242 1922 ¹7
1256 1875 1305 1916 C.

38 1929 107 1969 ubi
123 1932 283 1982 poetae,
302 1941 421 1981 quem
440 1941 521 1968 non
535 1929 733 1975 nominat,
754 1928 898 1966 tribuit.
918 1925 1066 1966 Confer
1086 1926 1217 1968 Grotii
1239 1942 1306 1968 ex.

36 1993 158 2034 cerpt.
172 1984 228 2030 V,
241 1997 275 2036 3.
288 1983 445 2023 SOLAN.

91 2037 174 2077 ibid.
185 2037 266 2077 Ἐπὶ
280 2034 497 2089 ἀκαιρίμαν)
510 2035 594 2075 Ἐπὶ
607 2035 670 2074 καὶ
683 2034 787 2088 ῥιῖμοι
800 2034 838 2089 in
852 2033 950 2074 Cod.
965 2032 1067 2074 Flor.
1084 2034 1256 2075 BOURD.
1275 2036 1305 2076 E

36 2087 223 2144 scriptore
242 2090 396 2130 Dorico
419 2090 585 2130 sumtum
601 2119 613 2137 ‚
637 2100 680 2128 ut
707 2090 876 2133 videtur,
901 2089 1152 2141 proverbium
1164 2120 1174 2136 ‚
1198 2092 1307 2142 quod

37 2145 221 2185 damnare
242 2145 296 2185 ob
313 2145 350 2184 id
373 2157 453 2184 non
475 2142 619 2189 ausim,
633 2144 738 2196 quod
753 2143 923 2182 nondum
938 2143 1088 2181 aliunde
1110 2144 1306 2195 prolatum

38 2198 104 2239 est.
120 2198 265 2239 Forma
276 2209 380 2239 certe
396 2210 476 2237 non
491 2197 603 2243 mala,
614 2208 658 2236 ut
673 2198 839 2250 νγόνιμος,
854 2199 1033 2246 ammae,
1045 2197 1233 2247 φρόνιμος,
1249 2201 1309 2244 ὄι,

37 2253 148 2307 quod
160 2253 270 2306 plane
282 2252 400 2292 fimile
411 2251 464 2292 est
474 2281 484 2298 ‚
498 2264 520 2291 a
531 2255 671 2303 καρπὸς
686 2251 882 2301 κάρπιμος.
895 2249 1024 2290 (ΞεεΝ.

93 2309 168 2346 ead.
187 2308 210 2346 l.
229 2320 267 2357 7.
287 2304 483 2358 Ἀτθίὲος)
501 2304 707 2356 Scripserat
721 2303 975 2344 Philochorus
998 2303 1191 2343 historiam
1204 2335 1216 2351 ,
1239 2307 1306 2346 cui

38 2360 118 2401 hoc
130 2373 275 2400 nomen
294 2359 449 2401 fecerat.
467 2359 566 2399 Vide
579 2358 703 2398 Schol.
719 2360 764 2398 ad
779 2365 927 2411 Euryp.
943 2372 1008 2397 no.
1022 2372 1069 2409 32
1081 2387 1090 2404 ,
1109 2363 1145 2396 ὅ(
1165 2360 1307 2399 Marm.¹

38 2413 120 2454 Ox.
138 2427 182 2466 13
195 2415 223 2454 f.
241 2415 284 2454 δι
327 2427 400 2454 uos
413 2413 542 2453 laudat
555 2413 659 2452 Paus.
675 2414 712 2451 in
726 2413 840 2452 Phoc.
854 2416 894 2452 ὅ(
908 2413 1049 2451 Athen.
1067 2412 1134 2450 Vl.
1145 2412 1305 2453 SOLAN.

39 2467 196 2508 ’Aratu
211 2467 309 2521 scrip
325 2481 389 2508 ere
403 2467 654 2507 Philochorus
673 2467 776 2520 apud
794 2467 1138 2516 Harpocrationem
1154 2468 1190 2504 in
1212 2473 1304 2507 Ξτεω-

39 2525 133 2575 mbr
144 2523 297 2576 &apud
312 2522 579 2562 Athenaeum:
593 2522 761 2575 itemque
775 2520 992 2566 Clidemus,
1007 2520 1053 2558 de
1067 2533 1150 2572 quo
1160 2519 1305 2562 Camu-

117 2575 262 2617 Luct‘an.
295 2578 374 2623 Vol.
402 2576 473 2617 IV.
983 2574 1019 2613 K
1033 2572 1062 2612 k
