1768 3185
349 223 1119 271 LECTIONES.
1275 244 1359 290 351

95 312 258 367 ςΜηὲίᾳ)
271 312 330 354 Sic
345 313 429 352 edd.
447 325 553 352 omn.
570 311 718 360 Μηδείᾳ
736 312 791 351 Μ.
817 312 841 351 l.
857 326 916 365 13.
934 311 1288 365 Eury-ysypoeebros)
1307 314 1367 352 Sic

96 368 314 408 restitutum
329 381 377 407 ex
392 368 462 406 W.
477 368 582 419 quod
597 366 660 406 vel
675 365 752 405 fine
763 364 861 405 Cod.
878 366 1147 417 corrigendum
1165 378 1256 405 erat.
1273 367 1367 406 Edd.

97 422 204 462 enim
223 421 322 461 male
339 422 713 474 6071727paq>11n6705
731 420 946 465 habebant,
968 431 1016 458 ne
1035 420 1065 457 I.
1086 418 1126 457 &
1140 419 1193 457 Fl.
1211 421 1367 470 quidem

96 475 151 523 ,ab
162 475 232 514 hac
245 475 328 515 labe
342 474 584 514 immunibus.
632 474 655 512 l.
675 487 729 519 ¹4·
742 470 924 526 Οὗολογ.)
935 472 1002 512 τὴν
1016 472 1157 525 Οὐλογ.
1170 474 1241 512 W.
1269 474 1292 512 l.
1307 488 1320 512 1
1334 486 1367 520 ς.

102 527 346 581 Τριπόθητον)
365 527 483 567 Deest
503 529 541 566 in
555 529 625 566 W.
681 527 772 578 Pag.
789 540 874 580 195.
887 527 911 565 l.
927 526 1135 579 2.”Ωκισ·ε)
1158 526 1276 574 ᾤκησε
1293 529 1364 566 W.

100 583 127 621 l.
143 596 158 620 1
171 596 202 633 ς.
216 581 482 634 Μουζούριὸος)
499 579 709 632 Μουζίριδος
723 582 794 620 W.
819 580 923 619 Nihil
947 592 1095 619 mutant
1118 581 1174 618 Fl.
1197 582 1249 619 H.
1267 582 1297 619 l.
1320 581 1367 622 P.

99 636 194 688 Pag.
211 637 294 690 196.
308 637 331 674 l.
350 649 378 674 1.
391 634 480 674 oifv’
495 634 524 673 εἰ
545 634 733 687 limorum)
749 632 832 673 οὔτε
843 635 998 679 βλέπειν
1011 635 1028 673 ii
1043 636 1113 673 W.
1177 635 1200 673 l.
1213 634 1368 688 3.‘'Orn

97 689 179 742 κεν)
192 690 252 730 Sic
262 689 361 729 dedit
371 688 498 728 Solan.
510 687 603 728 Edd.
617 688 719 726 enim
737 687 776 733 ὅ,
791 702 828 726 τι
846 702 916 727 κεν.
966 690 1039 726 ead.
1056 687 1134 727 Ἐπ’
1147 687 1367 741 ἀκαιρίμαν)

96 743 166 782 ἐπὶ
189 744 253 782 καὶ
278 742 378 796 ῥῆμα
402 742 441 781 Ρ.
458 743 500 782 &
515 741 613 782 Cod.
630 741 889 793 F1.'13mn÷p—
910 741 1059 780 FL'fiw‘
1078 740 1119 779 ιῖε
1141 740 1238 792 ῥνῖμοι
1256 743 1293 781 in
1309 743 1367 783 M.

96 796 174 836 -Sed
188 795 260 836 fuit
275 797 378 849 prius
390 795 618 847 ἐπικαίριμσι.
634 795 724 834 Edd.
739 795 873 847 reliqq.
888 795 1088 848 vulgatam
1104 794 1266 834 servant.
1293 799 1369 836 ead.

99 849 301 904 Γλῶτταν)
313 849 500 904 ’γλῶσσαν
513 850 567 888 Μ.
623 850 645 887 l.
661 863 698 900 9.
711 848 1002 901 Ewyamtm'w)
1014 851 1308 902 Σαγαλασσέως
1325 864 1367 890 e-

0 919 1 922 *
69 932 71 934 -
98 905 225 944 mend.
242 902 381 956 Spauh.
399 903 471 943 Sed
485 904 683 967 vuigatum
694 914 852 942 tuentur
863 903 947 941 edd.
967 915 1112 942 omnes.
1169 903 1263 956 Pag.
1280 917 1367 955 197.

99 958 126 997 l.
141 972 174 1010 3.
186 958 254 997 Καὶ
270 962 340 997 εὶτι
355 957 434 1010 τρ.)
449 957 514 996 καὶ
527 959 596 996 εἰη
611 957 676 995 καὶ
692 956 870 1009 τραχὺδη
882 956 920 995 P.
974 959 1046 995 ead.
1058 957 1114 995 Aio
1125 956 1141 1010 )
1153 956 1222 997 ἰὶὃη
1239 958 1292 995 Fl.
1308 958 1365 999 Ah

95 1021 262 1052 ceterae.
286 1011 328 1050 In
354 1011 410 1051 M.
433 1010 485 1050 est
506 1010 554 1051 δὴ
567 1040 580 1057 ,
598 1010 659 1049 sed
675 1013 692 1048 ii
710 1010 821 1061 supra
845 1009 1022 1061 scriptum
1038 1010 1092 1050 est
1113 1023 1135 1049 a
1155 1012 1367 1052 recentiore

99 1078 231 1114 manu.
259 1067 281 1104 l.
296 1081 331 1114 4.
345 1061 476 1117 Αὗτὶν)
489 1064 548 1105 Sic
560 1065 590 1103 I.
607 1064 662 1103 H.
673 1064 727 1104 Fl.
742 1066 784 1103 Ρ.
801 1064 886 1103 Ald.
898 1064 969 1103 Sed
983 1065 1020 1103 in
1036 1065 1105 1104 hac
1121 1066 1208 1104 inde
1223 1064 1366 1105 faeum

100 1116 231 1163 αὑτὸν,
253 1132 331 1158 non
355 1119 526 1171 imperite
548 1118 716 1170 quidem.
737 1114 854 1157 Αὗτὶς
878 1118 933 1157 Μ.
953 1118 1025 1157 Sed
1048 1120 1088 1158 &
1107 1119 1367 1171 praecedentia

99 1164 168 1212 hic
183 1174 308 1226 primo
323 1173 432 1211 aliter
451 1171 602 1212 fuerant
621 1171 770 1225 scripta.
793 1172 883 1210 Erat
903 1172 1003 1211 enim
1019 1173 1228 1223 οἱκοέιμεῒ,
1245 1174 1284 1212 8(
1300 1175 1368 1213 ab·

100 1238 183 1266 erat
194 1227 265 1266 ser.
295 1227 320 1265 l.
332 1225 366 1264 8.
380 1225 684 1279 Συγγράφοντα)
696 1225 984 1279 συγγράφοντα
997 1239 1115 1279 marg.
1130 1228 1178 1266 A.
1188 1241 1202 1266 1
1217 1231 1271 1266 W.
1284 1240 1366 1268 non

98 1280 209 1321 male.
234 1282 257 1319 l.
274 1279 422 1332 16.’*Av)
434 1279 551 1319 Deest
565 1281 602 1319 in
612 1280 668 1318 M.
682 1281 720 1319 ὅ(
735 1280 789 1318 Fl.
805 1280 905 1320 adest
916 1281 952 1318 in
969 1291 1058 1319 cett.
1087 1282 1178 1334 Pag.
1194 1281 1279 1333 198.
1291 1283 1313 1321 l.
1327 1297 1363 1322 2.

99 1333 159 1373 Ἐκ.
170 1334 304 1388 nocco.)
315 1333 374 1374 Sic
387 1334 428 1373 L.
438 1334 494 1373 M.
507 1334 546 1373 &
558 1334 614 1372 Fl.
628 1334 718 1373 Ἀπὸ
731 1344 818 1373 cett.
829 1334 912 1373 edd.
941 1335 963 1372 l.
978 1334 1136 1382 4.Ἀλλὲι
1147 1334 1241 1389 ’,η-οῦ)
1253 1334 1312 1375 Sic
1326 1337 1367 1377 P.

97 1387 292 1438 ῗΑλλέιπου
309 1387 466 1427 iunctim
483 1389 513 1426 I.
529 1388 581 1426 H.
595 1388 648 1428 Fl,
665 1388 711 1426 B.
732 1402 764 1426 2.
782 1389 821 1426 S.
835 1388 955 1426 Ἀλλά
970 1403 1043 1427 που
1061 1389 1107 1428 Ρ.
1127 1388 1188 1429 sed
1200 1391 1366 1429 interro-

98 1443 211 1494 gandi
225 1441 319 1495 fign.
330 1455 405 1494 ego
417 1441 546 1481 addidi.
581 1442 604 1480 l.
618 1440 866 1494 7.‘Hp‹'›=91›1.05)
879 1441 937 1480 Ex
950 1454 1068 1495 marg.
1083 1444 1134 1481 A.
1149 1456 1181 1482 1.
1194 1443 1311 1496 Angl.
1325 1444 1367 1483 &

100 1495 142 1535 P.
153 1496 325 1548 Ἰρόὸικος
336 1496 462 1536 Schol.
473 1495 656 1548 ‘Hposigm
674 1495 773 1534 male
788 1495 872 1534 edd.
892 1495 932 1534 &
946 1496 1002 1534 M.
1038 1497 1063 1533 l.
1077 1495 1112 1535 8.
1126 1495 1234 1550 Οὗχ)
1248 1497 1366 1537 Deest

95 1549 135 1589 in
154 1550 212 1590 M.
237 1549 280 1589 δι
304 1550 485 1590 omnibus
506 1549 591 1588 edd.
612 1547 730 1588 Adest
748 1550 786 1587 in
811 1547 890 1588 sola
911 1550 941 1589 I.
968 1550 1016 1589 Et
1038 1547 1090 1589 sic
1118 1551 1366 1591 emendaram

99 1597 221 1643 Marc.
232 1604 273 1643 δι
285 1602 416 1644 Vorst.
444 1606 518 1642 ead.
530 1601 810 1656 Ὕπὸσχοιντο)
822 1600 1038 1654 ὑπόσχοιτο
1050 1604 1105 1642 Μ.
1121 1605 1231 1644 male.
1263 1607 1286 1644 l.
1305 1619 1364 1646 10.

98 1660 179 1697 Διὰ.
193 1655 342 1706 ταῦτα)
358 1657 418 1698 Sic
431 1658 462 1696 Ι.
475 1658 527 1696 Fl.
542 1658 595 1695 H.
609 1656 655 1696 P.
668 1657 743 1696 &c-
760 1657 820 1695 Δι’
833 1652 938 1695 mir&
950 1657 1007 1696 M.
1038 1658 1061 1696 l.
1079 1671 1137 1706 ¹4·
1151 1659 1215 1698 col.
1229 1673 1262 1697 2.
1276 1659 1366 1698 'Eni-

97 1711 223 1765 νησεν)
236 1710 298 1751 Est
315 1713 414 1765 apud
431 1711 582 1750 Aelian.
602 1710 780 1750 ἑκύλισεν.
799 1710 852 1749 At
871 1710 961 1749 nihil
975 1711 1023 1750 ab
1043 1712 1204 1764 vulgato
1223 1713 1301 1751 abit
1315 1712 1365 1755 C.

97 1766 219 1815 Solan.
249 1766 273 1805 l.
288 1780 346 1816 17.
357 1766 421 1805 col.
435 1779 467 1805 1.
477 1764 561 1817 Τὸν)
571 1763 715 1804 Deerat
725 1765 762 1803 in
772 1764 859 1803 edit.
871 1765 1008 1804 addidit
1016 1765 1192 1814 Solanus,
1203 1767 1242 1806 δι
1257 1766 1364 1819 ἰδεῖν,

97 1820 204 1872 quod
215 1819 299 1873 post
314 1819 429 1870 σῶμα
443 1819 655 1871 legebatur,
668 1818 809 1858 delevit
823 1819 932 1857 idem.
989 1821 1060 1857 ead.
1073 1821 1138 1858 col.
1156 1834 1189 1858 2.
1201 1817 1364 1860 ’Ἐσπευ-

97 1873 190 1926 ὃεν)
210 1873 271 1913 Sic
282 1886 330 1913 ex
348 1874 395 1914 C.
411 1872 624 1913 restitutum
636 1903 648 1920 ,
662 1885 750 1912 cum
774 1872 811 1910 in
827 1873 936 1912 editis
955 1872 1146 1925 legeretur
1168 1874 1365 1915 e‘cvrovstv.

95 1926 170 1967 Sed
183 1926 224 1966 &
237 1940 288 1967 ex
301 1927 464 1966 Aeliano
480 1937 631 1980 poterat
643 1925 806 1973 restitui,
821 1939 870 1965 ex
891 1927 1001 1965 cuius
1017 1927 1228 1966 collatione
1248 1929 1364 1969 etiam

95 1981 257 2021 alterum
269 1981 358 2020 illud
366 1981 434 2032 μὲν
447 1981 506 2020 hic
517 1980 728 2020 delendum.
738 1980 848 2031 Reitz.
878 1980 902 2019 l.
912 1994 924 2017 1
933 1979 968 2018 8.
983 1981 1047 2019 col.
1058 1995 1086 2019 1.
1101 1981 1238 2034 Σῶμα)
1249 1981 1361 2032 σῶμα,

99 2034 192 2074 mn
207 2034 355 2074 Aelian.
370 2035 476 2086 Reitz.
513 2038 586 2073 ead.
600 2035 662 2074 col.
676 2049 710 2073 2.
725 2029 776 2072 Οὖ
789 2032 852 2086 Σὲ)
862 2033 959 2073 Illud
973 2033 1015 2073 Σὲ
1030 2047 1104 2087 ego
1118 2036 1235 2073 addidi
1248 2051 1259 2083 3
1273 2049 1361 2075 nam

97 2089 138 2129 in
151 2088 256 2128 edito
269 2100 414 2128 tantum
429 2099 508 2128 erat
523 2084 586 2127 οὐκ
601 2087 760 2127 ἐδύνατο
770 2117 782 2133 ,
796 2087 834 2126 &
851 2088 1014 2127 Solanus
1029 2104 1064 2126 ου
1083 2088 1150 2140 μὲν
1163 2089 1247 2129 inde
1260 2088 1362 2129 fece·

97 2153 172 2189 rat,
185 2142 263 2181 fine
277 2142 452 2182 auctorit.
475 2142 615 2182 codicis
625 2156 637 2190 3
654 2154 773 2194 quare
794 2143 923 2181 eadem
948 2142 1038 2180 mihi
1054 2155 1134 2181 erat
1148 2144 1363 2195 corrigendi

96 2196 268 2244 licentia,
285 2198 322 2235 in
335 2196 521 2236 eiiciendo
534 2208 615 2235 uno
625 2195 693 2246 μὲν
713 2208 761 2234 ex
777 2195 918 2241 tribus,
933 2208 1019 2234 cum
1036 2197 1109 2234 iam
1127 2197 1182 2235 bis
1197 2197 1263 2246 μὲν
1277 2197 1361 2248 plus

97 2263 214 2302 quam
231 2249 318 2290 satis
332 2249 388 2289 fit.
403 2249 447 2289 In
460 2250 627 2289 Aeliano
646 2249 698 2288 est
713 2249 728 2287 ὅ
743 2248 810 2298 μὲν
826 2249 960 2300 ἀποδρ.
976 2250 1172 2296 ἔσπευδεν,
1188 2248 1226 2289 οὔ
1239 2252 1311 2297 μὴν
1329 2252 1362 2290 ἑ.

99 2304 179 2344 ἒύν.
194 2304 302 2357 Εεὶιζ.
331 2305 354 2342 l.
370 2318 429 2356 23.
444 2305 506 2344 col.
526 2317 554 2341 1.
570 2301 739 2355 Πρῶτον)
760 2303 819 2342 Ita
833 2316 904 2355 pro
918 2303 1020 2342 edito
1038 2303 1180 2355 πρῶτος
1200 2304 1361 2344 restituit

98 2357 227 2397 Solan.
240 2371 288 2397 ex
299 2356 346 2397 C.
358 2358 436 2396 ibid.
451 2354 585 2409 Αὑτὸν)
598 2352 707 2396 αὐτὸν
719 2355 926 2395 edeaurbv
937 2357 1021 2396 Ael.
1036 2359 1146 2410 Reitz.
1163 2359 1241 2396 ibid.
1257 2359 1282 2397 l.
1296 2373 1358 2407 24.

97 2411 168 2450 Καὶ
185 2411 272 2464 sis)
286 2411 614 2451 Coniunffionem
636 2412 672 2449 in
687 2411 789 2450 edito
804 2411 1009 2462 exemplari
1027 2410 1263 2451 deficientem
1286 2413 1358 2450 im-

96 2465 218 2517 plerat
231 2464 360 2505 Solan.
398 2465 475 2504 ibid,
490 2466 513 2504 l.
529 2464 589 2505 28.
602 2464 662 2502 Ὧς
676 2464 755 2517 ἐπ’)
770 2459 816 2504 ὡς
831 2463 918 2503 ἔπος
933 2465 1073 2504 editum
1091 2477 1173 2504 erat
1187 2479 1234 2505 ex
1248 2466 1298 2505 V.
1310 2466 1357 2505 ad

98 2531 196 2573 quae
211 2519 239 2560 1.
254 2518 356 2560 Cler.
372 2519 421 2560 ait
435 2531 443 2558 ι
459 2518 645 2559 Aelianus
657 2518 770 2558 habet
782 2518 861 2560 ’ὅσον
872 2517 1094 2573 ἐπ’ὂργυιὲις
1111 2520 1222 2569 ὀκτὼ,
1234 2521 1270 2560 in
1283 2520 1359 2560 edi-
