1768 3185
253 111 355 155 IN
422 88 1187 157 HERMOTIMUM.
1269 130 1361 178 377

91 198 137 239 de
152 198 189 240 se
201 200 368 240 iudicent
382 200 460 246 alii,
477 200 569 240 nudi
585 212 633 239 an
645 199 787 249 vestiti,
804 200 882 239 hoc
895 212 942 239 an
956 199 1022 239 illo
1035 199 1154 239 modo
1169 200 1292 240 vestiti
1305 203 1361 241 in·

92 254 244 301 cedant,
254 253 323 294 soli
333 253 404 293 sint
415 266 464 293 an
475 255 515 293 in
528 253 640 294 foro?
654 255 722 306 qui
724 253 798 306 sus
790 270 849 306 que
860 257 959 307 deque
967 255 1089 292 habent
1099 255 1227 300 omnia,
1240 268 1360 307 quam

90 305 207 358 ipsam
219 307 426 348 formulam
441 320 489 347 ex
507 307 748 348 Graecorum
767 306 963 360 ἐιέιοιφορίᾳ
981 307 1250 360 interpretatur
1267 308 1362 348 Gel-

90 360 165 400 lius
176 361 272 401 XVI
283 391 294 408 ‚
309 375 345 415 9.
359 361 479 414 Igitur
489 372 661 400 extrema
679 360 764 400 sunt
777 361 863 400 hinc
876 360 1179 413 Aristippeorum
1194 390 1206 408 ‚
1227 372 1270 401 ut
1285 362 1360 402 hoc

88 425 190 461 utar,
205 414 400 461 mollities,
415 416 502 454 hinc
517 414 668 467 Cynica
681 414 918 468 negligentia,
939 414 980 454 &
995 415 1122 455 cultus
1135 416 1288 462 omnis,
1303 427 1361 454 at-

13 482 17 490 ·
34 503 36 506 .
87 480 167 520 que
179 468 290 508 alieni
304 468 403 508 adeo
413 468 543 508 iudicii
557 478 788 508 contemtus.
803 468 931 510 GEsN.

10 532 17 539 ·
141 525 216 561 ead.
227 523 251 561 l.
267 535 282 561 1
292 537 326 575 3.
340 522 393 562 Ἐν
405 521 490 575 χρῷ
503 520 521 564 ἦ
535 521 664 574 κουρᾰ)
678 522 731 561 Ut
746 534 857 562 antea
869 523 903 562 ἐν
916 522 997 575 χρῷ
1010 522 1168 575 κουρίας.
1183 521 1294 574 Quid
1306 521 1361 561 le-

88 575 186 627 gerit
198 576 237 615 in
249 576 306 615 his
322 575 418 616 locis
435 578 621 629 interpres
633 589 714 615 non
728 576 843 615 video
854 607 865 624 ,
885 589 974 615 nam
993 576 1211 622 Stoici-dieu
1226 577 1260 616 ἐν
1274 576 1360 628 χρῶ

87 629 228 679 κουρίαι,
238 660 250 678 ,
263 631 352 682 tonfi
361 659 370 676 ‚
383 642 455 671 cute
468 642 577 669 tenus.
589 628 675 683 Ipse
688 642 785 669 vero
797 630 898 683 longa
911 646 1006 669 coma
1018 630 1239 674 venerandos,
1253 632 1359 682 proli-

89 698 138 722 xa
151 684 186 721 in
195 684 303 733 capite
314 684 492 735 caesaries,
503 684 649 736 capillus
656 684 836 735 prolixior,
851 684 996 736 ubique
1008 685 1132 723 vertit.
1147 684 1209 723 De
1224 684 1278 723 his
1291 684 1360 723 Iu·

1 752 5 760 ¹
28 759 30 761 ·
86 737 213 776 venal.
229 736 305 777 Sat.
329 752 370 783 2,
385 751 484 791 atque
489 737 671 790 supercilio
689 739 817 776 brevior
825 753 948 777 comae.
967 738 1071 777 Haec
1093 738 1274 778 monebat
1293 737 1359 777 Se-

85 802 202 830 nator
215 790 429 831 Godofred.
444 792 673 843 Maluynus.
687 790 783 830 Dixi
799 793 866 830 hac
879 792 924 830 de
935 804 975 830 re
986 802 1110 831 antea.
1127 792 1299 831 Bonan.

146 845 234 898 Pag.
257 859 317 894 24.
329 845 352 884 l.
368 860 402 898 3.
418 845 571 896 Παίζεις
585 848 675 896 ’πρὸς
685 844 754 897 μὲ)
769 845 815 883 Et
830 846 923 884 haec
936 845 986 883 ita
998 846 1071 898 legi
1087 847 1123 884 in
1140 847 1171 884 l.
1184 846 1236 886 H.
1250 845 1292 884 &
1303 846 1357 884 Fl.

86 909 347 938 annotaverat
366 899 554 946 Solanus3
579 897 683 952 quasi
712 899 966 938 variationem
991 899 1163 938 invenire
1192 910 1357 952 optaret.

85 951 158 991 Sed
171 951 212 991 &
229 951 280 992 fic
298 952 477 1006 leguntur
489 953 524 992 in
541 954 593 992 A.
609 966 641 991 1.
659 953 704 990 Ρ.
724 952 766 992 &
777 954 816 991 S.
831 952 912 992 Nis1
925 953 1030 1007 quod
1043 954 1153 992 aliter
1172 954 1209 992 in
1231 954 1358 993 omni-

83 1005 156 1045 bus
168 1004 294 1059 scripti
306 1005 379 1046 sint
390 1017 585 1055 accentus,
596 1006 727 1059 legunt
738 1007 842 1045 enim
857 1007 944 1058 πρός
957 1021 1022 1057 με,
1039 1008 1219 1047 enclitice.
1232 1007 1357 1059 Quod

86 1071 214 1099 tamen
235 1072 329 1100 cum
352 1072 582 1101 accentuum
606 1060 820 1100 canonibus
839 1060 1074 1107 adversetur,
1098 1063 1358 1109 mutavimus,

86 1112 128 1152 δε
141 1127 260 1166 porro
282 1115 537 1164 mutabimus,
553 1127 632 1153 non
649 1114 810 1166 amplius
822 1115 867 1154 de
882 1114 942 1154 his
963 1115 1127 1154 minutiis
1147 1117 1353 1154 monituri:

84 1167 171 1206 licet
184 1167 307 1208 studio
321 1168 695 1223 reliquerimusidem
711 1181 745 1208 c.
764 1183 778 1206 1
803 1169 849 1207 de
862 1169 989 1208 Merc.
1009 1170 1123 1209 cond.
1145 1169 1356 1221 ἐξηγόρευον

83 1220 176 1273 πρός
189 1235 242 1273 με
249 1236 262 1270 ;
278 1235 366 1262 nam
393 1222 626 1276 praepositio
647 1235 727 1261 non
743 1221 894 1261 assumit
915 1234 1118 1263 accentum
1134 1224 1330 1262 encliticae
1344 1254 1355 1270 ,

73 1274 122 1313 in
143 1288 226 1327 quo
245 1287 375 1316 tamen
399 1277 531 1317 millies
553 1288 737 1330 peccatur
758 1277 796 1315 in
817 1277 1000 1316 omnibus
1020 1276 1224 1316 auctorum
1251 1279 1354 1316 editt.

83 1327 186 1381 (etsi,
199 1341 317 1369 atona
332 1331 516 1384 particula
531 1329 723 1383 sequente,
737 1342 934 1370 accentum
952 1331 1145 1371 invertere
1160 1330 1215 1370 fas
1229 1330 1287 1379 fit,
1301 1344 1355 1377 ut,

82 1381 164 1422 ἀπό
186 1398 250 1430 τε,
271 1386 337 1424 ἐπί
357 1386 442 1437 τε.)
466 1384 537 1424 Sed
561 1385 659 1424 aliud
675 1383 802 1424 noster
822 1383 1005 1437 quaesisse
1025 1385 1190 1432 videtur,
1211 1384 1354 1437 phrasis

81 1449 221 1489 nempe
235 1437 288 1477 illi
301 1437 454 1478 insolita
473 1439 696 1478 videbatur:
719 1449 759 1477 at
774 1450 853 1477 non
869 1437 942 1485 est,
957 1438 1032 1477 vid.
1048 1438 1242 1490 Aristoph.
1256 1438 1354 1478 Plut.

87 1492 211 1542 1056,
230 1491 342 1545 supra
360 1493 385 1532 1.
401 1506 432 1533 c.
450 1494 524 1532 iam
541 1492 755 1532 addue‘lum.
771 1492 820 1532 Et
835 1491 1021 1532 Nostrum
1038 1492 1134 1531 infra
1148 1491 1299 1532 Soloec.
1319 1505 1353 1532 c.

81 1545 107 1584 6
123 1558 180 1598 pr.
202 1545 349 1586 Rnrz.

134 1599 214 1639 ibid.
225 1600 380 1650 Συνίημι
416 1601 511 1639 Mihi
519 1600 644 1652 fucum
658 1600 737 1650 fieri
751 1615 818 1639 non
828 1599 951 1652 fintio.
967 1600 1110 1640 BROD.

135 1656 208 1692 ead.
224 1654 246 1691 l.
259 1667 316 1694 10.
328 1655 370 1692 Τι’
376 1670 420 1694 οιν
429 1654 538 1694 πάθοι
551 1655 631 1707 τις)
646 1654 745 1712 Quid
752 1657 915 1708 agendum
919 1654 1196 1708 statuataliquis.
1206 1654 1347 1695 BROD.

135 1708 213 1746 ibid.
230 1708 266 1746 Ei
280 1710 422 1754 τυφλὶς
433 1708 498 1761 av)
514 1709 594 1749 Ubi
607 1709 874 1748 Hermotimus
888 1707 1045 1757 dixisset,
1059 1708 1162 1760 posse
1175 1709 1287 1747 etiam
1303 1721 1351 1748 ex

80 1772 246 1801 externo
266 1761 399 1802 habitu
422 1763 577 1803 iudicari
599 1764 644 1802 de
666 1763 819 1815 optimo
841 1761 1162 1816 philosophorum
1185 1774 1351 1814 genere,

81 1816 270 1856 continuo
285 1815 397 1856 infert
407 1816 597 1857 Lucianus
607 1847 618 1861 ,
631 1818 673 1856 Τι’
693 1816 737 1855 ἂν
749 1815 863 1855 πάθοι
879 1830 953 1862 τις,
971 1816 1001 1855 εἰ
1015 1818 1153 1864 τυφλὸς
1166 1814 1211 1853 ἂν
1227 1815 1351 1854 ἐπιθυ-

79 1870 166 1917 μοίη
177 1869 392 1921 φιλοσοφεῖν
400 1883 412 1918 ;
426 1871 461 1909 Ν
464 1883 516 1910 οη
530 1883 676 1923 gravor
687 1870 912 1922 particulam
923 1869 968 1908 ἂν
979 1870 1030 1908 ita
1042 1869 1231 1909 continuo
1242 1870 1350 1909 itera-

79 1934 179 1962 tam:
196 1923 405 1976 persuadeo
418 1935 546 1964 tamen
561 1924 676 1970 mihi,
691 1924 892 1976 legendum
909 1924 938 1962 εἰ
950 1926 1091 1971 rumh:
1104 1922 1148 1962 ὢν
1160 1922 1350 1973 ἐπιθυμοίη

81 1977 312 2026 φιλοσοφεῖν.
327 1978 418 2017 Non
433 1978 570 2019 dubito
583 2009 594 2026 ,
612 1979 704 2030 quin
718 1977 892 2025 cuilibet,
907 1990 1020 2017 aures
1037 1976 1143 2023 suas,
1159 1976 1200 2015 ὃ(
1215 1990 1350 2030 perpe·

81 2043 189 2070 tuam
205 2030 471 2081 Graecorum,
486 2031 642 2072 Luciani
663 2030 917 2084 potiffimum‚
939 2031 1121 2084 loquendi
1142 2029 1350 2070 consuetu·

81 2085 206 2124 dinem
226 2085 460 2133 consulenti,
483 2087 577 2126 haec
602 2084 715 2125 leetio
734 2085 932 2125 censeatur
954 2084 1157 2125 veriffima.
1180 2083 1285 2123 IENS.
1310 2085 1349 2123 Εἰ

81 2142 220 2186 τυφλδς
233 2139 295 2193 ὢν)
310 2139 416 2192 Quia
428 2139 564 2180 Codex
576 2141 646 2179 W.
659 2138 852 2179 Ienfianae
863 2151 909 2178 ac
922 2138 1173 2190 Guyetianae
1185 2138 1290 2191 (nam
1307 2138 1349 2178 δι

81 2193 272 2245 Guyetus
285 2194 330 2232 ἂν
343 2195 380 2233 in
396 2193 441 2233 ὢν
457 2193 684 2234 mutandum
700 2192 930 2245 monuerat)
946 2192 1190 2233 conithurae
1202 2192 1350 2231 assenti-

83 2257 162 2292 tur,
178 2260 259 2286 non
272 2247 444 2287 dubitavi
460 2247 506 2286 ὢν
526 2248 715 2299 recipere:
732 2260 818 2286 nam
839 2247 927 2286 illud
942 2247 1153 2286 editionum
1174 2245 1218 2285 ὄὶν
1233 2246 1348 2286 πάθοι

84 2331 93 2340 .
107 2331 115 2339 .
128 2331 136 2340 .
147 2300 193 2340 ἂν
208 2300 398 2352 ἐπιθυμοίη
411 2303 540 2341 minus
549 2302 811 2342 commodum.
827 2301 972 2340 Rmrz,

138 2355 228 2406 Pag.
253 2369 313 2408 25.
331 2357 354 2395 l.
371 2356 459 2397 6:¹0
477 2355 521 2395 δὲ
539 2355 718 2405 βούλομαι
735 2353 864 2402 εἰπεῖν,
884 2354 977 2394 τοῖόν
991 2353 1039 2394 ss‘
1058 2353 1173 2399 ἔστιν,
1190 2349 1268 2406 οὔχ
1285 2351 1347 2392 δ’τι

83 2406 149 2449 τῆς·
157 2409 310 2462 ’γνώμης
320 2409 390 2450 τῶν
399 2409 539 2463 ἀνὲρῶν
550 2410 653 2463 ἔρωτι
661 2406 832 2462 προσηεις
841 2405 989 2462 αὐτοῖς)
1000 2408 1210 2448 Immodice
1222 2406 1347 2448 Obso-
