1768 3185
245 152 349 205 IN
416 152 1172 204 HERMOTIMUM.
1260 177 1353 224 419

143 240 220 286 ibid.
237 249 306 286 Καὶ
319 245 480 299 ψεῦὸος)
500 246 566 285 Καὶ
580 259 668 286 cum
682 247 856 287 Graevio
873 247 933 286 hic
953 248 1070 287 vertit
1092 250 1260 301 quamvis,
1278 252 1356 290 Els-

90 307 205 341 herus
217 303 262 341 ad
278 302 424 353 Evang.
440 302 546 340 ioan.
563 301 691 347 XVII,
707 316 727 340 2
737 315 770 354 ς,
783 302 847 340 ubi
859 301 924 339 καὶ
936 300 951 339 ὃ
965 301 1101 351 κόσμος
1112 317 1155 340 σε
1167 301 1230 354 ofin.
1242 304 1354 355 ἔγνω,

88 354 168 406 ἐγὼ
181 355 227 394 δέ
237 369 282 394 σε
294 354 417 408 ἔγνων·
429 356 533 406 quod
547 357 632 393 eod.
649 356 768 393 modo
783 355 900 393 reddit
911 383 922 401 ,
944 357 1004 405 etfi
1016 358 1161 394 mundus
1177 370 1207 394 te
1220 373 1288 395 nan
1299 374 1356 397 co·

84 408 250 458 gnoscat,
264 422 322 460 ego
335 422 443 447 tamen
456 420 486 446 te
505 408 666 461 cognofto
677 438 690 453 ,
705 409 936 460 adducitque
953 408 1173 460 Thucydid.
1189 410 1267 457 VI,
1287 413 1355 458 16,
1381 423 1391 432 ¹

89 461 165 500 Τῶν
179 462 316 501 ἔπειτα
331 462 514 512 ἀνθρώπων
528 464 772 513 προσποίησιν
796 463 900 515 {vy}
909 464 1023 501 ενείας
1037 463 1132 508 τισὶ,
1153 464 1218 502 καὶ
1233 465 1286 514 μὴ
1303 460 1357 502 οὗ·

90 528 174 559 σαν,
194 516 487 563 καταλιπόντες,
510 517 575 554 ubi
600 516 664 553 nai
676 514 729 564 μὴ
747 510 860 554 οὖσαν
884 529 1042 569 quoque
1057 516 1178 570 signif.
1198 519 1355 571 quamvis

91 569 187 606 nulla
211 569 452 622 (cognatio)
475 570 664 608 intercedat.
689 568 759 608 Sed
784 581 873 607 cum
895 569 1087 609 Gesnerus
1109 571 1226 622 paulo
1248 572 1355 611 aliter

87 633 234 671 vertat,
253 635 328 675 ego
342 636 401 662 me
421 635 499 662 non
517 623 777 674 interponam:
796 623 885 674 quid
909 624 1010 662 enim
1031 625 1200 664 voluerit
1221 625 1356 666 Lucia-

92 687 165 715 nus
178 705 188 721 ,
208 689 257 716 ex
272 676 477 729 praemiffis
496 676 579 715 satis
601 688 767 730 apparet.
785 675 931 716 Rmrz'.

89 781 114 822 S
144 732 216 768 ead.
235 731 255 768 l.
279 744 316 780 7.
339 732 480 784 Λέγω)
502 730 578 778 Ita,
600 731 656 769 uti
678 731 943 777 conieceram,
965 731 1022 770 M.
1051 730 1208 785 Reliqui
1229 732 1350 787 λέγει.

117 793 246 822 OLAN.

144 839 218 876 ead.
231 838 254 876 l.
273 849 331 876 10.
343 831 481 890 ‘'O‘rov)
498 837 554 876 Ex
575 836 632 876 ed.
655 837 686 875 I.
709 835 771 876 est.
786 836 974 889 Reliquae
986 836 1051 876 ὅτε
1063 869 1074 886 ,
1091 838 1131 878 &
1145 838 1213 891 ipfi
1227 839 1352 879 Codd.

90 889 148 929 M.
164 892 204 931 δι
224 891 262 930 Ρ.
283 889 351 928 nis1
366 893 472 942 quod
487 892 548 930 hic
563 890 619 929 ὅτι
640 889 817 944 praefert.
838 886 1117 932 SOLAN,‘'O⁷roa
1138 894 1356 933 restitutum

87 945 199 996 cupit
210 944 253 984 Β.
269 944 315 983 de
329 944 424 983 Ball.

145 1001 219 1037 ead.
233 999 256 1037 l.
273 1011 331 1051 ¹3·
355 997 503 1055 ξημεΐά,
519 997 628 1052 τινα)
649 996 711 1038 Sic
732 997 833 1037 enim
855 1011 898 1038 ea
919 997 1050 1037 definit
1074 999 1264 1040 Euclides:
1288 1007 1357 1042 En-

88 1050 191 1102 μεῖον
210 1052 323 1098 ἐστὶν,
343 1052 382 1090 οὑ
398 1053 506 1103 μέρος
527 1049 645 1092 οὐθέν’
665 1051 830 1105 ’γραμμὴ
853 1051 897 1092 Σὲ
915 1051 1031 1102 μῆκος
1049 1053 1240 1093 ἀπλατές·
1254 1068 1354 1107 quae

89 1105 198 1145 nullo
217 1105 329 1159 pacto
347 1104 550 1146 consistere
572 1104 676 1158 poffe
697 1106 856 1145 credunt
878 1105 1066 1159 Epicurei.
1080 1107 1220 1147 Baon.
1241 1108 1301 1147 Est
1315 1110 1352 1148 in

88 1159 218 1212 primis
231 1159 300 1199 illis
313 1158 562 1200 Geometriae
573 1159 854 1199 definitionibus
864 1189 874 1205 ,
889 1161 994 1212 quod
1010 1161 1090 1199 iure
1103 1163 1189 1214 quis
1203 1173 1352 1215 carpat:

88 1213 289 1253 dicendum
302 1214 401 1252 enim
417 1212 721 1267 fuit‚ficpe›fi:iem
734 1213 807 1253 effe
822 1223 992 1253 extrema
1006 1217 1181 1268 corporis
1191 1247 1202 1263 ‚
1217 1217 1256 1254 in
1271 1230 1353 1268 quo

89 1279 259 1320 corpore
279 1266 457 1308 craffities
470 1268 620 1321 quidem
636 1298 645 1316 ,
662 1267 722 1306 sed
737 1269 845 1307 cuius
862 1269 897 1306 in
912 1266 1107 1321 superficie
1123 1269 1223 1308 nulla
1240 1270 1355 1310 habe-

88 1331 153 1359 tur
165 1322 276 1360 ratio.
294 1321 415 1360 Lineas
437 1334 534 1361 vero
549 1332 719 1361 extrema
735 1320 974 1374 superficiei,
999 1322 1155 1374 quando
1177 1336 1255 1362 non
1270 1334 1353 1364 tota

89 1375 165 1413 iam
176 1405 190 1421 ‚
204 1375 264 1414 sed
277 1375 393 1414 divisa
408 1375 447 1414 in
469 1387 592 1427 partes
605 1376 804 1427 contiguas
824 1373 1097 1423 consideratur,
1111 1376 1211 1415 nulla
1225 1377 1354 1417 latitu-

89 1429 206 1475 dinis,
219 1441 321 1482 quae
334 1430 558 1482 ceteroquin
573 1427 782 1482 superficiei
798 1428 910 1475 inest,
924 1430 1072 1469 rarione
1094 1429 1236 1469 habita:
1251 1431 1352 1470 Pun-

89 1485 141 1520 εἴη
153 1483 336 1522 linearum
351 1494 519 1522 extrema
532 1513 543 1530 ‚
556 1482 636 1523 five
652 1483 708 1529 id,
722 1483 757 1521 in
777 1495 857 1535 quo
879 1483 1000 1522 lineae
1015 1483 1156 1522 divisae
1176 1495 1302 1535 partes
1315 1485 1361 1526 se·

92 1548 233 1576 mutuo
245 1537 483 1589 contingunt.
501 1538 634 1589 Atque
649 1537 740 1576 haec
753 1537 903 1589 quidem
919 1549 1010 1575 vera
1021 1567 1031 1583 ,
1045 1535 1157 1576 firma
1170 1538 1210 1576 δι
1224 1539 1354 1577 incon-

92 1589 193 1628 cuffa
209 1602 406 1630 maneant:
419 1603 494 1629 neu
512 1590 539 1630 fi
554 1591 642 1644 quid
656 1591 692 1629 in
707 1601 756 1629 eo
770 1589 1000 1630 edisserendo
1021 1602 1087 1630 aut
1101 1590 1316 1631 definiendo
1332 1606 1354 1632 a

92 1643 315 1684 Geometris
347 1654 545 1697 peccatum
557 1675 568 1692 ‚
599 1645 673 1684 arti
710 1643 935 1683 certiffimae
959 1644 999 1684 δι
1025 1644 1354 1698 praestantiffimae

90 1695 216 1737 fraudi
232 1697 288 1737 fit.
305 1697 430 1750 Quod
445 1697 472 1737 fi
483 1699 520 1737 in
534 1698 646 1738 rebus
662 1696 891 1744 huiusmodi,
908 1697 1133 1751 cuiusquam
1148 1698 1357 1739 auctoritas

92 1753 258 1797 valeret,
279 1752 436 1792 Luciani
451 1764 554 1792 certe
568 1753 670 1792 nulla
687 1752 785 1790 ratio
798 1752 967 1791 habenda
984 1751 1104 1800 foret,
1123 1753 1189 1805 qui
1208 1751 1245 1791 se
1266 1753 1354 1792 Ma·

91 1804 383 1846 thematicarum
414 1805 690 1859 disciplinarum
718 1807 850 1844 rudem
877 1806 1040 1845 omnino
1063 1807 1202 1858 prodit.
1224 1807 1324 1846 Vide
1339 1836 1354 1853 ,

93 1859 258 1910 quaeso,
279 1859 308 1898 fi
332 1872 411 1898 non
433 1861 668 1906 memineris,
691 1872 804 1912 quam
826 1859 996 1910 imperite
1017 1858 1355 1912 Pythagoreorum

89 1911 345 1964 symbolicam
360 1913 522 1964 figuram
539 1915 575 1952 in
591 1918 706 1952 Hm.
730 1911 959 1966 descripserit
982 1925 1014 1952 c.
1042 1927 1073 1965 5.
1094 1914 1195 1952 Vide
1217 1914 1354 1963 etiam,

92 1979 208 2019 quam
223 1968 377 2019 iniquus
393 1966 487 2006 fitin
503 1967 611 2006 viros
631 1967 717 2007 illos
731 1965 922 2013 summos,
941 1967 1007 2020 qui
1027 1966 1215 2006 Mathesm
1236 1979 1355 2008 exeo·-

93 2019 270 2068 luerunt,
286 2021 389 2060 Ἱππ.
403 2033 436 2060 c.
454 2036 486 2074 3.
499 2021 657 2060 Sor-AN.

149 2078 221 2113 ead.
236 2075 259 2114 l.
275 2088 333 2122 14.
347 2077 404 2112 T&
415 2073 578 2114 τοιαῦτα
592 2074 608 2127 )
622 2074 699 2114 Ubi
716 2073 867 2126 legitur,
883 2072 1022 2124 σημεῖά
1036 2087 1125 2113 τινα
1137 2072 1254 2126 ἁμςρὶῐ
1266 2103 1277 2122 ,
1290 2074 1356 2114 καὶ

94 2129 282 2182 γραμμὰς
294 2127 498 2175 ἀπλατεῖς,
513 2129 575 2166 καὶ
587 2131 639 2166 τὸ.
652 2127 835 2175 τοιαῦτα,
850 2128 913 2167 ἐπὶ
925 2127 1067 2180 σαθροῖς
1079 2127 1157 2166 τοῖς
1170 2130 1356 2177 ἓεμελιόις

94 2180 241 2221 τούτοις
252 2181 505 2232 οἰκοὲομεΐτὲι
521 2180 708 2227 τοιαῦτα,
730 2182 869 2220 mirum
884 2212 896 2227 ,
917 2182 956 2220 ni
978 2193 1176 2234 perperam
1192 2182 1282 2220 illud
1302 2181 1359 2221 ul-

94 2235 232 2275 timum
248 2237 302 2274 τὰ
316 2233 480 2275 τοιαῦτα
495 2236 673 2275 iteratum
698 2234 752 2275 est
777 2236 824 2274 ab
846 2235 1136 2275 dormitantibus
1152 2234 1357 2289 descripto·

91 2289 210 2329 ribus.
228 2288 335 2329 Ιεκε.
426 2293 435 2298 “

153 2343 242 2397 Pag.
259 2356 346 2383 101.
361 2343 384 2382 l.
397 2338 844 2397 9.Ἐξομολο·γήσοισ3αι)
867 2340 960 2381 lens.
980 2342 1018 2380 in
1035 2340 1184 2381 ferculo
1204 2339 1299 2381 liter.
1321 2354 1358 2395 p.

95 2404 122 2449 9
142 2396 184 2436 &
209 2411 256 2436 10
277 2395 466 2437 existimat
489 2398 562 2436 hoc
587 2396 749 2436 verbum
771 2395 858 2434 solis
881 2394 961 2435 fere
983 2395 1096 2434 sacris
1114 2393 1361 2447 scriptoribus

92 2451 292 2504 proprium
305 2481 318 2501 ,
334 2463 406 2491 nec
425 2450 533 2492 facile
549 2450 637 2490 alibi
653 2449 832 2503 reperiri3
848 2448 908 2490 sed
922 2461 1127 2543 norbaggre
1140 2447 1257 2496 feret,
1269 2447 1362 2500 scio‘,

1092 2516 1114 2542 2
