1841 3180
501 146 598 197 4ῳ
696 125 1587 175 ANNOTATIONES

501 224 569 262 tria
583 221 728 261 Boeotia
741 220 901 273 egreffus,
916 218 1007 256 tibiis
1019 216 1159 270 cecinisti
1174 216 1390 257 Pandionide
1402 245 1413 263 ,
1429 217 1464 256 6·
1470 217 1630 270 superior
1633 215 1734 271 ρῘὶιι-[ἷὶ
1744 216 1785 258 ἶνι
1839 222 1841 226 ’

500 279 615 316 Aiace
621 275 759 328 furente
771 276 845 314 &c
860 273 1045 312 Ceterum
1061 271 1100 309 in
1113 270 1240 310 verbis
1251 270 1511 324 sequentibus,
1522 272 1630 324 quod
1642 272 1786 312 Marci·

499 330 575 370 lius
589 344 661 383 pro
682 327 869 379 ὁμώνυμόν
887 341 944 366 σοι
966 326 1058 378 legit
1078 323 1267 376 ὁμωνύμου
1289 339 1377 371 σου,
1402 325 1605 365 certiffima
1626 327 1783 378 quidem
1840 334 1841 347 ³

499 385 658 424 videtur
673 381 918 427 emendati03
944 379 1007 432 (id
1022 391 1190 431 namque
1210 378 1339 418 voluit
1360 380 1512 427 auftor,
1520 380 1676 432 superior
1684 379 1786 431 fiaisli
1839 407 1841 410 .

502 454 540 478 eo
550 467 561 485 ‚
576 439 634 491 qui
646 438 705 475 tibi
717 435 927 489 cognominis
939 432 1128 485 cecinerat)
1143 432 1203 472 sed
1216 433 1323 485 quod
1336 447 1391 472 σοι
1404 433 1441 472 in
1458 447 1526 472 σου
1541 444 1664 473 mutat
1675 463 1686 478 ,
1701 434 1787 473 eius

500 505 601 531 vero
614 489 766 530 causam
781 488 966 542 perspicio
978 486 1136 526 nullam.
1150 488 1330 540 Utroque
1347 488 1466 526 modo
1479 487 1638 536 Graeci,
1649 486 1786 536 ὁμώνυ-

498 545 572 600 μός
589 559 661 584 τινι
676 544 716 582 8(
735 557 842 582 τινος.
866 542 972 581 IENs.
985 540 1119 580 Postea
1133 542 1172 579 in
1192 554 1309 594 marg.
1325 541 1444 581 Leot.
1467 541 1784 582 Lucian.1ens1us
1840 563 1841 571 κ

500 600 598 638 haec
612 597 767 637 addidit:
787 597 843 637 Ut
863 597 1013 637 Graece
1028 595 1163 634 dicitur
1187 594 1376 646 ὁμώνυμός
1398 609 1489 641 σου,
1513 596 1554 635 &
1573 596 1651 642 σοὶ,
1672 596 1724 634 ita
1741 596 1787 636 &
1839 592 1841 596 ⁴

502 653 631 692 Latini
647 650 820 692 extulere
836 650 1043 701 cognominis
1067 650 1117 688 tui
1137 650 1172 688 6³
1195 649 1267 687 tibi.
1288 649 1398 689 Serv.
1420 649 1467 688 ad
1486 649 1546 689 VI
1567 649 1726 689 Aeneid.
1742 664 1784 690 v.
1837 659 1841 682 t

503 706 600 759 383:
616 705 705 745 facit
727 717 856 745 autem
870 704 933 744 hic
948 704 989 743 δι
1003 703 1100 743 haec
1119 703 1386 755 cognominis3
1401 715 1491 742 nam
1509 703 1548 743 in
1567 703 1704 744 Plauto
1725 703 1784 744 le·
1840 704 1841 707 ’

499 760 605 800 etum
623 759 676 799 est
688 791 700 807 ,
717 772 804 799 cum
821 771 899 798 una
912 758 958 797 de
970 757 1224 797 Bacchidibus
1238 758 1379 797 diceret
1390 787 1402 805 ‚
1419 758 1481 796 illa
1498 758 1561 797 mei
1576 758 1786 811 cognominis

492 814 582 866 ficit.
595 814 697 854 Hinc
715 813 817 867 apud
832 811 924 851 Plin.
946 811 1025 858 111,
1044 825 1076 851 c.
1094 826 1136 860 2,
1154 808 1358 863 legendum
1371 811 1635 852 conieaabam
1648 842 1660 861 ,
1673 826 1785 866 appo-
1838 808 1841 848 l

491 871 564 922 fita
574 870 616 921 est
628 868 818 920 cognomini
824 866 885 918 sui
890 868 1027 919 fluvio:
1049 866 1118 905 ubi
1132 866 1354 906 Harduinus
1371 865 1519 913 mallet,
1535 866 1723 917 cognomini
1726 868 1783 917 fi-

500 924 557 969 bi,
577 922 664 971 vel,
688 922 833 961 nominis
847 921 918 973 sui.
935 920 1071 973 Vulgo
1086 919 1370 967 circumfertur,
1385 921 1591 972 cognominis
1603 920 1677 972 sui.
1697 921 1734 960 N
1738 919 1782 960 ifi

498 976 644 1016 Plinius
657 976 864 1028 cognominis
871 975 933 1028 sui
945 975 1101 1022 dixerit,
1115 973 1193 1014 hoc
1208 974 1261 1013 est
1272 1005 1286 1021 ,
1300 974 1466 1014 nominis
1476 973 1531 1014 sui
1542 1005 1555 1022 ‚
1572 988 1654 1027 quo
1665 974 1782 1028 pacto

498 1031 624 1070 Tacit.
639 1030 714 1069 XIl
726 1030 831 1069 Ann.
852 1042 914 1082 55,
934 1040 1187 1081 cognomentum
1198 1058 1211 1074 ,
1230 1028 1306 1068 hoc
1321 1027 1375 1068 est
1386 1058 1397 1076 ‚
1415 1041 1571 1068 nomen.
1586 1029 1633 1068 Et
1646 1028 1778 1070 lustin.

500 1085 579 1131 IV,
593 1097 627 1124 c.
647 1098 669 1123 2
680 1115 691 1132 ‚
705 1084 746 1124 &
759 1083 860 1130 VII,
878 1097 913 1129 1,
926 1082 967 1122 &
979 1083 1073 1128 XV,
1094 1097 1130 1130 2,
1143 1083 1421 1135 cognominare
1434 1082 1518 1122 ἀντὶ
1529 1080 1597 1122 τοῦ
1609 1083 1784 1124 nomina-

499 1152 554 1179 re.
566 1137 765 1178 ORTwlN.
779 1138 968 1178 ’Evlnno'a5
991 1135 1134 1176 lenfius
1146 1137 1322 1177 emendat
1333 1167 1346 1185 ‚
1356 1149 1472 1190 quem
1486 1137 1550 1176 vel
1564 1137 1691 1177 invitis
1702 1136 1786 1178 Co-

498 1193 661 1241 dicimis,
672 1193 713 1231 &
728 1191 810 1258 ipso
825 1192 883 1231 M.
897 1191 960 1230 hic
971 1189 1073 1231 recle
1086 1202 1311 1231 monentem
1323 1190 1530 1244 sequimur.
1543 1190 1705 1231 SOLAN.

554 1248 635 1287 ibid.
651 1245 722 1286 Τοῦ
740 1244 926 1298 ομώνυμὸν
950 1244 1036 1298 στου)
1061 1246 1153 1298 Leg.
1177 1243 1244 1285 τοῦ
1271 1244 1460 1295 ὁμωνύμου
1485 1259 1563 1285 σου.
1588 1246 1781 1287 MARCIL.

498 1302 591 1342 Hoc
614 1312 710 1346 erat,
723 1300 829 1353 quod
848 1299 960 1352 supra
974 1300 1180 1339 monebam
1192 1331 1205 1346 ,
1217 1300 1318 1338 duos
1331 1298 1439 1339 fuiffe
1456 1299 1644 1339 Timotheos
1658 1301 1781 1340 Muss-

497 1369 578 1396 cos.
596 1355 806 1394 Thebanus
827 1366 924 1406 ergo
944 1353 1005 1394 hic
1021 1354 1151 1393 iunior
1169 1352 1311 1395 Milefii
1330 1353 1453 1394 melos
1470 1353 1643 1395 canebat.
1657 1355 1782 1396 Aliter

496 1420 628 1449 tamen
644 1409 703 1448 hic
715 1438 726 1456 ‚
746 1421 862 1461 quam
884 1407 1002 1456 edidi,
1019 1408 1058 1446 in
1077 1408 1158 1447 edd.
1178 1407 1333 1460 legitur,
1347 1420 1488 1461 nempe
1504 1407 1689 1459 ὁμώνυμόν
1706 1422 1782 1454 σου,

495 1464 559 1504 sed
572 1464 839 1504 emendatione
853 1462 924 1501 hac
937 1462 1033 1501 nihil
1046 1462 1209 1508 certius,
1223 1475 1341 1515 quam
1354 1464 1492 1516 partim
1508 1463 1626 1502 etiam
1640 1477 1662 1503 a
1673 1464 1782 1504 Mar-

497 1519 587 1558 cilio
603 1517 721 1556 visam
737 1516 831 1561 effe,
857 1527 950 1555 nota
966 1517 1050 1556 eius
1069 1517 1220 1556 indicat.
1244 1516 1403 1556 SOLAN.
1415 1515 1660 1557 Veriffimam
1682 1529 1781 1571 puto

496 1571 667 1612 Marcilii
689 1570 949 1611 coniecturam
971 1570 1189 1610 correctam
1210 1583 1232 1608 a
1249 1570 1378 1610 lensio
1392 1569 1460 1610 τοῦ
1483 1570 1671 1623 ὁμωνύμου
1696 1586 1780 1622 σοι,

500 1638 667 1679 eamque
678 1625 996 1678 interpretatione
1003 1624 1175 1678 expreffi.
1187 1623 1395 1677 Distinguit
1403 1625 1672 1677 homonymos
1681 1626 1782 1667 duos

496 1680 755 1727 Timotheos,
779 1679 977 1718 tibicinem
1002 1678 1105 1718 hunc
1128 1679 1385 1728 Thebanum,
1401 1678 1442 1718 &
1466 1678 1661 1719 Milesium
1685 1681 1782 1721 alte-

497 1748 609 1782 rum,
623 1737 803 1787 poetam,
823 1733 864 1772 &
886 1732 1049 1772 eundem
1072 1746 1231 1786 quoque
1251 1732 1459 1773 Muficum.
1482 1734 1691 1774 Addendus
1716 1736 1780 1777 hic

497 1790 610 1830 locus
622 1786 809 1827 thesauris
829 1786 1068 1826 Fabricianis
1082 1788 1181 1826 Bibl.
1196 1787 1266 1827 Gr.
1284 1802 1330 1833 2,
1347 1802 1414 1841 19,
1431 1802 1466 1841 p.
1488 1788 1578 1840 694.
1590 1787 1779 1830 Ceterum

496 1843 746 1882 Pandionidem
760 1841 928 1881 fabulam
944 1841 1119 1893 intelligo
1133 1840 1153 1861 '⁶
1169 1841 1215 1881 de
1233 1841 1437 1881 Pandionis
1455 1840 1606 1882 filiabus
1616 1871 1628 1890 ‚
1644 1844 1685 1882 in
1699 1857 1778 1898 qua

495 1896 712 1938 Philomela
727 1895 769 1935 δι
779 1895 931 1947 Progne
942 1895 1154 1935 mirabilem
1167 1895 1315 1934 tibicini
1327 1895 1570 1936 occasionem
1581 1898 1780 1951 praebent.v

498 1953 604 1991 Aiax
612 1951 774 2004 furiosus
788 1950 920 1989 nobile
935 1961 1206 2003 argumentum
1219 1950 1480 2002 Tragicorum
1500 1951 1575 1991 &c.
1589 1951 1715 1992 GEsN.
1730 1952 1777 1993 In

496 2019 539 2046 re
554 2017 631 2045 tam
649 2003 844 2044 manifesta
860 2005 926 2043 uni
946 2003 1035 2044 Pell.
1050 2003 1319 2044 obsecundasse
1340 2003 1425 2044 satis
1448 2004 1582 2053 habui;
1602 2019 1690 2046 nam
1707 2006 1776 2047 etfi

496 2061 699 2113 vulgatum
712 2058 903 2110 ὁμώνυμον
918 2057 964 2097 ad
973 2059 1088 2109 μέλος
1102 2058 1283 2105 relatum,
1299 2057 1465 2111 aliquem
1481 2057 1628 2099 sensum
1639 2058 1775 2110 faciat3

496 2128 578 2155 non
592 2126 719 2154 tamen
732 2126 820 2153 eum
833 2113 1001 2159 exhibet,
1015 2125 1129 2164 quem
1145 2112 1281 2152 auctor
1294 2112 1434 2152 voluit.
1450 2112 1598 2153 Rmz.
1625 2139 1629 2142 -

551 2170 664 2208 ead.l.
683 2167 833 2206 11.’Eerl
847 2167 911 2206 τὴν
925 2165 1114 2220 γλαῦκοι)
1138 2167 1296 2206 Noctua
1318 2167 1437 2207 noctu
1459 2168 1589 2214 videt,
1612 2168 1715 2207 canit
1732 2168 1775 2208 &

496 2223 608 2263 volat
622 2222 723 2269 sola,
739 2219 870 2261 odiosa
890 2221 1028 2260 ceteris
1044 2221 1180 2260 avibus
1191 2251 1204 2267 ,
1220 2222 1259 2260 in
1274 2234 1370 2273 quas
1384 2220 1505 2260 astuta
1519 2222 1644 2261 utitur
1661 2223 1774 2262 dimi-

495 2278 671 2318 catione:
697 2288 785 2315 nam
808 2275 1050 2314 avicularum
1072 2275 1319 2315 multitudine
1339 2275 1574 2315 circumdata
1598 2275 1772 2330 resupina

543 2359 561 2376 *
576 2356 627 2387 Cl.
641 2353 835 2398 Wesseling.
850 2365 901 2387 me
914 2354 1090 2385 admonet:
1111 2352 1180 2384 vid.
1199 2364 1241 2383 an
1258 2352 1377 2395 potius
1401 2351 1515 2383 Attica
1531 2351 1640 2384 tribus
1662 2350 1718 2391 fit,
1735 2351 1771 2384 &

498 2400 588 2432 conf.
604 2398 775 2432 Demosth.
793 2401 826 2430 in
837 2399 996 2430 Midiana.
1011 2398 1073 2430 Sed
1087 2398 1166 2440 quia
1179 2397 1233 2428 hic
1246 2397 1357 2440 agitur
1371 2396 1410 2428 de
1427 2404 1528 2427 cantu
1545 2396 1716 2438 theatrali,
1735 2395 1771 2430 δε

495 2445 587 2478 illico
606 2445 735 2477 additur
750 2444 836 2477 Aiax
853 2443 988 2484 furens,
1009 2453 1082 2475 cum
1100 2441 1251 2477 Gesnero
1271 2441 1426 2482 facerem.
1440 2441 1578 2487 Rmrzq
