1768 3185
165 149 261 197 -ῙΝ
291 147 502 198 VERAE
538 146 887 198 HISTORIAE
922 147 1037 196 Lm.
1071 151 1130 198 Η.
1240 151 1334 219 589

58 254 78 278 .·
108 243 184 281 ead.
203 241 226 281 l.
239 240 414 293 9.''AM01
433 239 479 280 Se
496 242 600 291 μετὰ
611 240 778 287 τούτους,
794 238 856 281 ἐπὶ
871 237 1021 290 φελλὶὂν
1035 237 1241 290 καθήμενοι,
1254 245 1333 296 ζεῦ.

57 292 194 347 ξαντες
208 294 277 335 ἒύο
292 293 490 345 seminat,
502 294 655 335 ἤλαυνόν
670 309 734 341 τε,
750 294 814 333 καὶ
829 292 1030 347 ἦνιόχευον·
1042 292 1074 332 οἱ
1087 293 1133 333 s&
1145 299 1335 347 προὶόντες

54 347 275 402 ἐπεσύροντο
290 348 376 388 τοὺς
388 349 578 401 φελλοὺς)
592 350 763 388 vertunt
776 361 784 387 :
797 350 870 402 post
882 350 942 386 hos
955 347 990 386 δ’
1005 348 1068 386 αΙὶὶ
1078 348 1259 400 suberibus
1276 355 1332 391 in·

47 405 211 456 fidentes,
235 402 358 441 iunffis
381 405 514 442 duobus
538 403 705 454 delphinis
726 403 952 454 remigabant,
973 401 1008 440 δ’
1030 403 1246 455 equitabant,
1268 408 1333 446 alii

49 460 283 510 praecedentes
289 457 414 508 subera
430 459 618 496 trahebant.
636 456 692 495 Ita
707 467 898 496 vertentes
920 456 1138 496 indicarunt
1148 485 1159 504 ,
1175 457 1212 497 se
1227 473 1335 500 men·

0 524 1 537 ¹
56 521 134 550 tem
150 510 320 550 auctoris
333 523 412 550 non
425 510 509 550 satis
523 510 742 564 percepiss'e.
760 511 876 557 Nam,
894 520 937 549 ut
951 522 1116 557 taceam,
1127 513 1233 561 μετὰ
1251 513 1336 553 τοὺ·

56 579 143 605 ’τους
158 565 221 604 hic
237 566 366 617 potius
380 563 594 617 significare
608 577 755 618 praeter
767 564 839 604 hos
849 594 860 610 ‚
875 563 1157 605 observandum
1171 565 1224 606 est
1233 563 1243 611 ,'
1259 567 1336 608 Lu.

55 619 211 658 cianum
228 620 274 658 de
278 620 458 671 sicberibus
471 618 579 671 loqui
597 629 778 670 tanquam
799 618 845 658 de
867 618 1057 658 vehiculis
1065 633 1079 667 3
1100 620 1146 659 de
1166 607 1336 674 delphini}

56 683 240 726 tanquam
253 673 299 712 de
312 673 421 725 equis
434 672 614 712 vehicula
626 672 885 720 trahentibus;
899 672 945 711 de
959 673 1147 712 hominibus
1161 673 1230 714 illis
1241 705 1252 722 ,
1265 677 1335 730 qui

56 725 258 767 suberibus
274 726 505 773 infidebant,
520 737 703 777 tanquam
727 726 772 766 de
789 726 934 779 aurigis
954 726 1130 767 vehicula
1151 729 1336 781 agitanti-

57 781 152 828 bus,
166 781 208 820 &
222 781 536 829 moderantibus3
554 781 774 833 aurigarum
795 781 894 819 enim
918 781 1073 834 propria
1086 780 1170 821 sunt
1186 785 1306 824 verba
1319 814 1335 833 ‚

55 834 198 888 quibus
209 835 346 880 utitur,
364 834 524 874 ἐλαύνειν
537 834 578 874 &
597 833 810 888 ἧνιοχεὺειν·
833 846 935 887 quae
954 845 1158 889 propterea
1175 835 1235 876 hic
1251 851 1334 879 non

56 889 247 928 reddenda
260 900 384 934 erant,
398 889 556 941 remigare
572 889 611 929 δι
624 892 781 942 equitare.
799 888 843 927 Et
856 901 924 941 per
938 888 969 927 oi
983 888 1028 928 Σὲ
1042 890 1236 942 προϊόντες
1249 905 1333 934 non

56 943 288 996 intelligendi
299 942 384 982 sunt
400 943 549 982 homines
560 943 643 991 alii,
657 944 713 982 uti
726 942 841 982 habet
856 941 1003 990 versl03
1018 942 1078 982 sed
1100 944 1151 983 illi
1165 946 1331 998 delphini,

57 997 127 1050 qui
148 995 345 1037 suberibus
367 996 486 1036 iunffi
500 1007 621 1036 erant.
636 997 766 1037 Totus
782 998 911 1050 itaque
925 996 1035 1036 locus
1053 997 1129 1037 hoc
1147 1001 1264 1039 modo
1279 1000 1334 1040 est

55 1051 267 1091 vertendus
278 1066 287 1090 :
298 1052 445 1090 Praeter
462 1053 525 1090 lios
544 1052 579 1090 δ’
597 1052 659 1090 alii
667 1051 845 1103 [uberibus
866 1051 1054 1103 insidentes,
1068 1053 1187 1091 iunHis
1202 1054 1334 1094 duobus

57 1106 239 1159 delphinis,
252 1106 446 1159 agitabant,
458 1106 493 1144 G·
504 1107 763 1145 moderabantur
773 1120 846 1144 eos:
857 1106 908 1144 illi
920 1120 997 1145 vero
1017 1110 1037 1158 (
1047 1104 1125 1145 scil.
1141 1107 1333 1162 delphini)

53 1171 252 1214 praeeuntes
262 1161 441 1198 trahebant
443 1159 478 1211 s
469 1162 581 1200 ubera.
595 1161 804 1200 VITRING.

113 1213 192 1252 ibid.
212 1213 394 1267 Φελλῶν)
410 1214 448 1254 Si
462 1215 547 1266 quis
565 1214 809 1254 minoritates
823 1212 934 1268 super
947 1212 983 1252 h.
996 1227 1036 1253 v.
1052 1213 1091 1253 δι
1105 1213 1178 1255 usu
1194 1214 1336 1257 defide-

57 1278 120 1308 rat
131 1297 142 1314 ,
156 1267 263 1307 adeat
275 1267 442 1321 Bergler.
458 1269 504 1307 ad
518 1268 687 1321 Alciphr.
702 1269 770 1322 Ep.
786 1267 828 1314 Ι,
845 1283 879 1315 ι,
894 1281 928 1319 p.
945 1281 981 1318 7.
995 1267 1138 1308 ΚΕΗ-Ζ.

112 1322 150 1360 in
165 1322 277 1361 schol.
290 1322 353 1361 col.
370 1335 400 1360 1.
417 1324 440 1361 l.
457 1337 490 1375 3.
503 1321 732 1375 Κᾲνταῦθοι)
755 1323 809 1362 At
828 1322 916 1362 vide
937 1320 1032 1361 ποῦς
1056 1321 1154 1362 serio
1170 1335 1215 1363 ea
1234 1323 1280 1364 de
1292 1336 1335 1365 re

59 1375 148 1415 alibi
161 1376 274 1415 etiam
289 1375 513 1429 usurpatum
524 1405 536 1423 ‚
549 1388 590 1416 ut
600 1377 747 1415 Ἐπισκ.
762 1389 794 1416 c.
811 1390 849 1429 3,
861 1375 901 1415 &
914 1387 994 1414 not.
1009 1375 1167 1416 SOLAN.

113 1430 194 1468 ibid.
207 1431 230 1469 l.
248 1445 282 1477 4.
303 1429 476 1482 Φελλὸς)
497 1429 561 1470 De
580 1431 655 1470 hoc
668 1430 801 1469 Italiae
820 1440 953 1469 monte
974 1429 1089 1477 nihil,
1105 1431 1210 1482 quod
1223 1431 1336 1484 equi·

59 1483 147 1524 dem
168 1482 304 1523 rescire
325 1485 536 1536 potuerim,
561 1484 661 1537 apud
683 1484 942 1537 Geographos
963 1484 1170 1524 invenitur.
1191 1484 1338 1526 Plinius

56 1548 260 1589 praeterea
278 1550 392 1590 negat
411 1539 446 1577 in
468 1551 540 1577 tota
552 1538 657 1577 Italia
671 1539 764 1590 nasci
771 1538 884 1590 suber.
898 1537 981 1577 Lib.
995 1537 1113 1586 XVI,
1128 1551 1160 1578 c.
1178 1537 1214 1577 8.
1228 1538 1336 1580 Licet

61 1591 355 1644 Theophrastus
366 1593 401 1630 in
419 1593 606 1645 Tyrrhenia
620 1591 719 1632 nasci
733 1591 868 1631 scribat
879 1620 890 1637 ‚
912 1591 978 1630 lib.
997 1591 1068 1638 111,
1081 1605 1114 1631 c.
1129 1592 1278 1639 163nis1
1292 1593 1337 1633 fit

55 1647 259 1693 mendum,
273 1647 378 1698 quod
392 1657 433 1685 ut
448 1646 608 1699 suspicer
627 1646 714 1686 facit
722 1646 864 1684 Plinius
876 1645 1115 1685 contrarium
1130 1644 1339 1696 affirmans,

61 1699 151 1740 licet
166 1698 306 1753 legiffet
319 1700 423 1739 hunc
437 1700 568 1740 locum
580 1699 850 1753 Theophrasti,
867 1712 982 1752 quem
999 1699 1092 1738 &in
1110 1700 1336 1753 quibusdam

62 1754 192 1794 vertit.
203 1753 387 1794 Ceterum
402 1755 461 1793 hic
475 1754 631 1794 absurde
643 1767 689 1793 ex
706 1755 820 1806 piceis
833 1753 945 1792 suber
959 1752 1101 1792 desumi
1114 1754 1203 1793 dicit
1214 1784 1226 1799 ,
1245 1767 1337 1795 cum

64 1807 138 1848 sint
150 1808 308 1848 arbores
321 1809 432 1861 piane
445 1808 626 1848 diversae.
635 1809 798 1847 Videtur
812 1809 941 1859 potius
953 1808 1052 1860 apud
1065 1806 1236 1847 Graecos
1248 1820 1338 1858 φελ-

64 1865 132 1902 λὶς
146 1862 243 1902 idem
260 1861 480 1916 fignificaffe
492 1875 537 1902 ac
549 1865 698 1913 φλοιὶις,
712 1862 859 1914 &silber
875 1861 968 1900 κατ’
985 1862 1270 1911 ἁντωνομασίοιν
1285 1863 1338 1902 di-

64 1916 170 1956 &um
186 1917 339 1956 corticem
349 1948 359 1964 ‚
372 1917 388 1970 (
401 1917 451 1956 ita
464 1917 623 1970 legitur,
637 1930 708 1970 pro
720 1915 858 1968 cortex)
871 1926 913 1954 ut
928 1915 1039 1955 etiam
1054 1916 1153 1967 apud
1172 1916 1335 1956 Latinos·

57 1969 210 2010 -fafiium
223 1999 234 2018 ‚
252 1971 358 2022 quod
378 1970 600 2010 observavit
620 1972 657 2010 in
677 1970 746 2010 suo
763 1971 904 2010 Lexico
918 1969 968 2008 R.
984 1968 1277 2018 Constantinus,
1292 1971 1335 2011 δι

62 2023 152 2078 post
164 2025 268 2065 illum
279 2025 310 2064 1.
325 2026 544 2064 Harduinus
556 2026 601 2064 ad
612 2025 741 2065 locum
754 2024 860 2063 Plinii
872 2024 1079 2063 laudatum.
1094 2023 1218 2064 CLER.

122 2079 214 2131 Pag.
229 2092 316 2132 305.
330 2080 353 2118 l.
366 2093 380 2118 1
390 2109 398 2118 .
409 2078 582 2119 ‘amasa
595 2079 734 2131 φωνὴν)
748 2079 823 2117 Pro
833 2076 1057 2118 Ἑλληνικήν.
1069 2075 1128 2117 Sic
1142 2076 1278 2117 Σκύθην
1291 2074 1340 2119 οῖ·

63 2146 135 2184 μον
148 2146 220 2186 pro
234 2133 412 2173 Σκυθικὴν
427 2132 510 2173 ὁδὸν
524 2145 573 2172 ex
587 2132 724 2173 Aesch.
737 2132 863 2172 Prom.
882 2147 919 2185 p.
936 2146 970 2184 5,
982 2130 1024 2171 &
1035 2131 1203 2185 γυναῖκα
1214 2133 1336 2184 μαζὸν

63 2198 117 2226 ex
131 2187 250 2227 Hom.
264 2186 307 2226 11.
323 2191 370 2234 Ω,
388 2186 452 2237 58,
468 2199 540 2226 nec
559 2199 638 2227 non
654 2186 825 2226 Ἓλλάἓα
840 2186 1057 2231 διάλεκτον,
1072 2185 1222 2237 aliaque
1236 2186 1338 2225 fimi-

59 2240 130 2289 '-lia,
142 2253 189 2280 ex
202 2239 366 2280 Eustath.
380 2239 491 2281 affert
503 2241 701 2281 Maittaire
713 2241 758 2280 de
770 2240 930 2280 Diale&
941 2253 977 2293 p.
990 2239 1054 2289 78.
1067 2239 1177 2279 Plura
1189 2239 1284 2279 iens.
1298 2242 1338 2280 in

67 2293 190 2334 Leat.
204 2295 360 2335 Lucian.
381 2308 417 2348 p.
439 2294 491 2348 89
512 2296 558 2334 ad
575 2310 648 2349 943
665 2308 763 2348 quae
777 2294 1014 2348 pertinebant
1034 2293 1080 2332 ad
1095 2292 1196 2332 Dial.
1210 2293 1337 2335 Deor.

69 2348 164 2396 XV,
180 2362 215 2396 1,
227 2350 273 2389 ad
286 2349 405 2389 verba
419 2350 562 2401 τέχνην
576 2350 783 2398 {Zizima-ov,
800 2349 849 2387 ibi
862 2359 988 2388 autem
1002 2360 1080 2386 non
1091 2346 1177 2387 sunt
1190 2346 1342 2398 inserta,

60 2403 162 2456 quia
174 2404 286 2443 nimis
297 2415 406 2442 erant
418 2403 548 2443 multa.
560 2404 734 2443 Meretur
749 2414 875 2442 tamen
890 2404 964 2442 huc
977 2402 1073 2447 addi,
1088 2401 1192 2454 quod
1206 2402 1339 2454 postea

72 2458 233 2512 margini
245 2457 387 2499 adlevit
400 2458 501 2499 idem
514 2457 656 2499 Ienfius
666 2451 841 2500 ;”Ἐλληνα.
853 2457 1018 2510 πόλεμον
1028 2455 1145 2496 habet
1155 2455 1340 2509 Thucyd.
