1768 3185
245 123 350 169 IN
414 121 1190 170 HERMOTIMUM.
1265 139 1355 192 415

135 215 210 253 ead.
225 215 249 254 l.
269 227 328 255 10.
349 213 432 254 Εἴτε
451 214 515 252 καὶ
535 211 599 264 μίν.
623 213 668 253 σὺ
691 213 736 254 Σὲ
753 213 861 266 πῶς)
884 213 1036 253 Excidit
1048 224 1140 253 nota
1154 213 1361 267 personae,

85 265 169 308 Εἴτε
182 268 247 307 καὶ
265 266 330 318 μῇ.
349 273 455 306 ΛΥΚ.
477 268 523 307 σὺ
541 268 586 306 Σὲ
600 268 695 307 πῶς.
714 269 905 308 MARCIL.
917 269 987 306 W.
1008 267 1047 306 P.
1064 267 1105 306 &
1122 270 1224 309 edd.
1240 283 1361 321 agno-

83 319 194 361 scunt
204 322 363 362 Luciani
378 320 594 374 personam,
603 323 754 374 quaein
765 322 918 375 reliquis
931 334 1008 360 non
1022 332 1187 360 notatur.
1198 321 1361 364 Sorax.

137 379 211 415 ead.
223 376 246 414 l.
266 389 280 414 ι
290 375 393 420 2.‘⁷O‚
403 390 449 417 ,τι
476 371 564 425 εὕρ.)
579 375 680 428 Lege
692 375 762 415 ὅτι.
776 375 946 416 GUYET.
962 376 1051 414 Hoc
1067 376 1120 413 ita
1133 388 1269 414 verum
1283 376 1336 414 est
1348 407 1361 424 ‚

86 439 132 468 ut
140 429 304 469 le&ores
317 441 465 482 rogem,
477 429 643 468 habeant
661 442 734 482 pro
749 430 900 477 eodem,
914 442 959 469 ac
970 428 997 467 fi
1013 430 1063 468 ita
1078 429 1136 468 edi
1149 429 1333 469 curassem
1347 444 1362 479 ;

84 481 174 522 licet
191 482 384 536 pristinam
401 482 609 522 leffiionem
621 496 702 522 non
723 484 957 523 mutaverim
968 513 979 531 ,
997 483 1091 536 quia
1102 483 1361 524 variationem

85 535 127 575 in
141 548 188 575 ea
203 549 284 576 non
296 536 438 576 inveni.
454 537 595 576 Rmz.

137 591 218 629 ibid.
231 591 274 629 Τι’
286 587 456 643 εὕρηται)
470 592 510 629 Τι’
528 587 683 642 εὕρηται
696 593 784 641 πρὸς
799 588 922 629 αὐτῶν
931 605 943 638 3
960 590 1042 643 ἐγὼ
1054 590 1121 639 μὲν
1137 586 1200 630 ου’κ,
1219 591 1265 630 ἂν
1283 589 1362 643 5546-

86 656 199 694 σαιιμι
209 672 220 691 ,
238 645 306 683 καί
318 658 372 684 τοι
385 645 492 684 πόσα,
505 641 617 683 ἄλλα,
629 645 703 685 &c.
721 645 905 684 Excidere
918 645 1074 683 nomina
1089 644 1336 696 personarum
1349 675 1363 695 ,

85 697 285 737 videlicet:
305 698 346 737 τί
354 695 504 750 εὕρηται
520 700 611 751 πρὶς
621 695 766 746 αὖτῶν;
783 702 879 738 ΕΡΜ.
891 698 986 752 Ἐγὼ
996 699 1062 747 μὲν
1078 694 1141 737 οὖν,
1156 699 1199 737 ἂν
1210 700 1363 748 ὀμόσαι-

83 766 142 802 μι.
167 755 274 791 ΛΤΚ.
290 754 363 791 Καί
382 767 439 791 τοι
458 753 565 792 erbo-2
584 750 703 792 ἄλλοι.
725 753 916 792 MAcht..
942 751 1177 792 ConieRura
1199 754 1364 794 Marcilii

85 806 141 845 ita
154 805 243 844 mihi
255 818 349 845 vera
363 806 444 845 visa
455 838 468 853 ,
482 819 525 846 ut
539 807 631 846 mihi
645 819 724 846 non
737 807 983 859 temperarim
996 836 1006 853 ‚
1026 807 1122 860 quin
1137 807 1174 844 in
1197 819 1362 847 contex-

85 871 169 900 tum
196 860 404 912 reciperem
425 860 644 900 deficientes
662 862 700 899 in
722 862 803 900 edd.
836 860 1036 914 personas,
1059 862 1224 900 maxime
1236 891 1247 906 ,
1268 875 1363 902 cum

85 912 186 953 eod.
202 913 260 953 M.
273 915 375 953 viam
389 915 435 953 ad
451 915 486 954 id
501 915 656 954 muniat.
675 914 721 953 Et
736 916 865 954 minus
877 925 964 968 apte
977 914 1120 967 alioqui
1138 916 1267 954 eadem
1283 929 1365 968 per-

84 966 179 1008 sona
197 968 452 1021 interrogaret
467 981 512 1008 ac
527 968 784 1022 responderet.
805 969 908 1009 Cum
929 981 1026 1008 vero
1047 969 1210 1008 Marcilii
1228 970 1364 1010 conie-

86 1021 218 1061 &urae
229 1021 473 1075 responderet
485 1021 587 1066 Cod.
603 1023 659 1063 M.
671 1021 791 1062 solitis
801 1021 878 1062 suis
889 1022 1043 1077 punffis
1054 1022 1252 1075 designans
1263 1025 1364 1064 Her·

91 1077 240 1114 motimi
255 1075 453 1129 personam
464 1106 476 1124 ‚
493 1089 659 1130 eamque
671 1075 776 1130 sequi
795 1076 997 1117 lectionem
1012 1076 1258 1117 decrevissem
1272 1109 1282 1125 ,
1296 1092 1364 1118 ne-

87 1128 248 1170 cessario
261 1130 302 1170 δι
315 1132 536 1183 proximum
549 1137 611 1169 ΛΤ
614 1136 654 1171 Κ.
667 1144 715 1170 ex
730 1131 912 1171 Marcilio
926 1131 1181 1184 recipiendum
1199 1143 1293 1180 erat,
1309 1143 1366 1172 et-

87 1182 118 1224 fi
129 1183 265 1225 Codex
278 1185 332 1224 ibi
345 1198 423 1224 non
438 1186 647 1234 addiceret3
663 1199 749 1225 nam
761 1185 790 1225 si
807 1186 906 1227 hanc
919 1184 1138 1232 omisissem,
1152 1198 1259 1226 nova
1269 1198 1364 1229 conv

87 1236 190 1278 fufio
204 1250 292 1279 orta
305 1237 417 1279 foret.
433 1239 581 1279 RnTz.

90 1327 92 1329 .
145 1294 220 1332 ead.
230 1293 256 1332 l.
272 1306 330 1346 ¹3·
346 1297 441 1333 [PM.
456 1292 631 1346 Ἔγὼμὲν
650 1290 712 1332 οῦκ
726 1292 771 1333 ὅὶν
788 1293 982 1343 ὀμόσαιμι.
999 1293 1124 1346 ΛΥΚ.)
1135 1292 1229 1344 Ἕρμ.
1244 1307 1364 1346 agno·

90 1343 157 1386 scit
173 1347 228 1386 M.
244 1360 359 1400 quem
377 1346 450 1388 suis
463 1348 614 1401 punftis
625 1378 635 1394 ‚
651 1361 724 1400 pro
738 1359 846 1387 more
858 1347 1041 1400 designat.
1059 1347 1131 1387 Sed
1144 1353 1249 1386 ΛΤΚ.
1263 1350 1363 1388 idem

87 1399 190 1440 Cod.
213 1413 293 1441 non
318 1401 456 1450 habet3
483 1403 686 1442 sententiae
709 1414 837 1442 tamen
862 1401 900 1442 id
921 1400 1127 1442 necessario
1158 1401 1365 1455 postulanti

90 1454 293 1495 reddimus.
309 1455 468 1496 Soram.

144 1509 237 1562 Pag.
256 1523 320 1564 91.
333 1510 358 1549 l.
374 1512 472 1550 2.“f.v
487 1508 600 1549 τοῦτό
615 1509 948 1563 {crav)1ntellige3
963 1509 1105 1563 χρόνος.
1121 1508 1290 1550 Ουῖετ.

145 1566 219 1602 ead.
233 1564 257 1603 l.
272 1577 304 1615 5.
319 1564 388 1603 Καὶ
403 1559 609 1617 ὑπάρχειν)
622 1564 712 1604 Non
727 1575 879 1617 poterat
895 1564 956 1604 hic
969 1562 1092 1603 abesse
1105 1564 1336 1605 coniune'tio
1347 1576 1365 1614 ‚·

90 1617 239 1671 alioqui
254 1618 390 1658 lubens
403 1631 491 1658 cum
507 1620 578 1658 W.
600 1631 683 1658 eam
705 1617 905 1659 omisiss'em
918 1649 930 1664 ,
952 1619 1050 1671 quia
1070 1618 1134 1657 καὶ
1153 1619 1227 1657 iam
1252 1620 1364 1660 nimis

92 1671 313 1724 frequenter
325 1671 378 1712 est
394 1673 618 1726 repetitum:
634 1686 721 1712 nam
742 1674 809 1726 qui
824 1673 941 1726 paulo
963 1673 1097 1726 supra,
1113 1684 1136 1711 a
1149 1673 1277 1712 verbis
1296 1675 1363 1713 καὶ

92 1725 305 1778 ἓιαγνῶνειι
318 1726 505 1780 incipiens
518 1740 722 1767 numerare
741 1727 832 1766 velit
854 1726 973 1779 usque
992 1727 1038 1766 ad
1051 1725 1116 1764 καὶ
1135 1728 1288 1779 τέχνην,
1305 1729 1362 1767 ἰη-

95 1781 223 1820 veniet
237 1781 355 1820 vicies
366 1781 529 1832 pontum
545 1782 608 1820 καὶ
619 1812 629 1826 ,
646 1782 746 1820 intra
757 1781 895 1833 viginti
910 1780 1052 1820 versus.
1067 1779 1132 1819 De
1151 1793 1233 1832 quo
1250 1780 1363 1834 supra

95 1833 169 1873 iam
185 1834 340 1887 questus
359 1834 451 1874 sum.
466 1835 538 1876 Sed
550 1835 674 1874 Latini
690 1835 754 1874 hic
767 1835 943 1876 Graecos
957 1835 1071 1887 copia
1086 1835 1251 1874 vincunt
1262 1865 1274 1883 ,
1290 1837 1363 1887 qui

92 1889 315 1928 orationem
329 1889 479 1928 variare
494 1888 649 1942 poffunt
665 1902 730 1941 per
743 1890 791 1937 6²,
803 1905 856 1936 ac,
870 1905 945 1942 que,
959 1901 1071 1941 atque,
1082 1904 1141 1928 nee
1152 1904 1236 1934 non,
1247 1890 1361 1937 etiam,

93 1956 352 1996 quoque‚.tum,
371 1958 448 1982 cum
462 1943 538 1984 &c.
555 1943 645 1982 dum
660 1942 799 1984 Graeci
813 1943 877 1982 καὶ
895 1943 934 1982 δι
947 1958 989 1981 τε
1003 1942 1090 1982 solis
1107 1943 1186 1982 fere
1200 1955 1369 1989 contem

94 1996 126 2035 ti
140 1995 227 2036 sunt
237 2026 249 2044 ‚
266 1996 335 2036 etsi
349 1998 367 2036 ἦ
376 1996 457 2047 μὲν,
473 1995 542 2036 fise
557 1998 745 2037 interdum
758 2010 829 2049 pro
842 1998 885 2037 iis
897 1997 1112 2037 adhibeant.
1125 1996 1272 2036 Rmz.

151 2053 225 2089 ead.
241 2051 266 2089 l.
279 2065 316 2103 9.
329 2046 446 2104 ''l-1215)
458 2051 619 2091 Retinui
632 2052 831 2102 vulgatam
845 2083 857 2099 ‚
869 2051 936 2091 etsi
949 2050 1080 2104 ἄγεις,
1091 2052 1197 2104 quod
1211 2050 1310 2091 Cod.
1322 2050 1365 2092 Ρ.

94 2103 312 2152 habet,non
324 2105 479 2145 malum.
491 2106 685 2145 Interdum
696 2107 798 2145 enim
808 2103 895 2159 dyo
904 2107 955 2145 ira
964 2104 1135 2145 absolute
1143 2104 1364 2158 usurpatur,

100 2171 173 2211 pro
187 2161 288 2198 venio
298 2190 310 2207 ‚
325 2160 347 2198 i.
361 2173 394 2199 e.
407 2159 516 2212 quasx
529 2161 585 2212 ἐν)
595 2176 621 2198 ω
632 2175 682 2209 με
693 2191 705 2207 ,
718 2163 848 2199 adduco
860 2176 911 2200 me
921 2191 931 2208 ‚
951 2160 1056 2212 quod
1070 2159 1271 2211 Lexicogr.
1286 2160 1364 2199 iam

98 2224 295 2252 notarunt.
323 2213 383 2253 sic
406 2214 568 2267 ἐπάγειν
590 2215 631 2253 δι
647 2215 854 2266 προσάγειν
874 2214 953 2253 fine
972 2212 1189 2254 accusativo
1209 2214 1366 2255 Arrian.

97 2265 194 2318 Exp.
206 2267 317 2307 Alex.
330 2268 362 2315 1,
376 2282 389 2307 1
399 2299 410 2314 ,
421 2264 518 2308 ὅστε
528 2267 1026 2320 Ἀλέξανὸρον-ἐπέιγοντα
1038 2263 1157 2306 οὗκέτι
1171 2266 1366 2319 ἑὲέξαντο.

98 2320 156 2360 lb.
168 2333 199 2360 c.
218 2335 238 2361 2
250 2351 263 2368 ,
282 2335 317 2374 p.
333 2323 358 2362 6
371 2321 394 2361 f.
409 2323 466 2375 egl.
488 2321 614 2362 Gron.
627 2324 886 2374 προσάγοντος
904 2320 1150 2373 Ἀλεξάνέρσυ
1162 2322 1203 2360 ἐκ
1218 2320 1364 2361 πολλοῦ

97 2376 418 2427 συμπεφευγότες
429 2372 536 2415 ἦσαν.
550 2376 600 2415 ld.
616 2377 657 2416 L.
674 2390 711 2422 2,
722 2388 756 2415 c.
774 2391 810 2428 3,
822 2389 855 2427 p.
868 2377 932 2428 63,
944 2377 1190 2428 προσάγοντα
1201 2375 1246 2414 s&
1258 2375 1360 2431 κώμῃ

100 2428 168 2468 τινὶ
177 2427 247 2469 τῶν
256 2431 510 2480 Τελμισσέων,
522 2429 696 2482 ἐντυχεῖν
705 2430 869 2482 παρθένῳ
883 2428 1112 2483 ὑέρενσμένᾈ.
1128 2429 1276 2469 REITZ.
