1768 3185
184 100 256 148 IN
286 100 496 149 VERAE
530 100 875 149 HISTORIAE
910 101 1020 148 LIB.
1056 103 1112 150 11.
1235 115 1324 173 573¹

0 223 6 228 .
49 188 164 244 ’quast
175 189 303 238 habet,
319 189 425 241 quod
439 200 566 229 tamen
581 189 701 243 ipsum
715 191 827 230 etiam
842 190 887 230 ad
898 189 1000 230 illam
1017 190 1152 231 mentis
1166 190 1324 234 faculta-

0 268 1 271 =
57 254 136 284 tem
151 242 391 336 transgertur,
406 257 483 297 qua
502 245 766 297 comprehendere
785 245 958 294 dicimur,
970 258 1071 298 quae
1086 246 1194 298 plane
1208 248 1326 287 intel-

110 310 222 337 imus.
283 307 369 336 tsi-1.

57 296 183 390 ,¹³ng
195 352 219 390 l.
234 340 400 389 8ffloaev
413 349 734 404 ἀξιολογώτατοι)
747 350 847 390 Flor.
861 352 1129 403 λογικώτατοι.
1148 352 1324 394 BOURD;

110 407 185 443 ead.
198 405 222 444 l.
237 417 297 456 13.
310 406 498 454 Διώμνυτο
512 404 613 456 ἃς.)
628 404 728 443 Vide
738 435 748 452 ,
763 417 862 456 quae
877 418 950 445 nos
965 405 1074 459 supra
1089 405 1136 445 ad
1149 411 1186 445 Β.
1199 408 1319 459 πρᾴσ.

50 470 92 498 c.
110 459 178 503 16,
190 459 229 496 in
242 470 324 496 eam
339 470 420 496 rem
438 459 644 496 attulimus.
656 457 815 497 SOLAN.

109 510 200 564 Pag.
215 525 303 564 279.
316 513 340 549 l.
358 526 392 549 2.
406 509 540 559 Τοῦτο)
562 510 637 550 Pro
652 513 755 550 novt&
766 541 780 558 ,
802 511 862 551 vel
878 510 948 550 ὃιὲι
962 510 1083 552 τοῦτο.
1099 513 1190 552 Vid.
1208 512 1321 568 supra

53 562 234 616 Nigrin.§
252 578 312 615 27.
330 564 477 602 Rnrz.

107 619 183 657 ead.
194 618 220 656 l.
236 631 275 665 7.
289 613 423 669 Αὗτὸς)
438 616 654 658 Necessaria
668 618 821 657 videtur
833 617 979 657 Vorstii
993 620 1220 667 emendatio,
1234 613 1342 661 scri-¹

53 669 180 720 beatis
193 667 343 710 αὐτούς.
359 671 477 710 Ratio
499 672 541 709 in
565 682 721 724 promtu
742 671 806 710 est.
832 671 935 724 Quis
948 672 1048 711 enim
1063 672 1160 712 ferat
1181 674 1325 716 nescire

53 724 132 764 sese
153 724 361 773 dicentem,
380 724 487 777 quod
509 737 636 764 tamen
657 738 738 764 uno
759 725 877 764 halitu
900 737 1082 765 enarrans
1104 728 1326 768 inducitur?

52 776 165 828 Absit
177 790 307 817 autem
320 806 331 824 ‚
355 790 420 826 ut,
447 777 531 830 post
544 778 714 818 Leonem
729 779 914 818 Allatium
931 809 941 823 ,
968 789 1035 818 aut
1057 779 1295 821 Creffollium
1310 814 1325 832 ,

54 830 168 884 (uter
178 832 282 870 enim
296 830 437 870 horum
453 832 529 871 hoc
545 831 777 879 affeverarit‚
800 845 878 872 non
894 831 980 872 satis
997 846 1105 873 certo
1119 837 1326 876 annotavi-

53 885 159 938 mus)
173 885 234 924 hic
245 884 282 924 id
295 897 470 938 agamus,
484 896 527 924 ut
538 886 803 937 Babylonium
818 898 896 926 non
914 885 1022 926 fuiffe
1037 888 1251 928 Homerum
1266 890 1326 930 de-

51 938 317 980 monstremus.
333 939 427 978 Non
446 940 548 978 enim
563 952 690 979 mente
703 941 821 991 captis
835 939 1042 979 scribimus.
1053 941 1141 980 vid.
1159 942 1247 983 AG.
1262 945 1325 991 X,

53 1005 170 1047 ¹733·
184 992 329 1033 Chium
344 991 466 1039 fuiffe‚
482 993 568 1033 vult
589 993 800 1033 Simonides
816 994 918 1046 apud
938 992 1065 1045 Steph.
1093 996 1129 1033 in
1142 995 1269 1047 Lyric.
1285 1012 1324 1050 p.

0 1084 5 1087 ,
55 1058 142 1099 119.
158 1046 315 1086 SOLAN.
326 1045 496 1099 Recepta
516 1047 654 1094 lefflo,
669 1043 781 1086 αὗτὶς
800 1048 868 1097 μὲν
883 1048 937 1099 ἐν)
949 1048 1044 1093 νοεῖν,
1059 1049 1171 1089 nimis
1191 1063 1326 1104 aperte

46 1100 280 1140 contradicit
297 1100 376 1148 his,
392 1114 491 1153 quae
508 1100 630 1140 statim
651 1099 872 1153 sequuntur.
886 1100 999 1140 Plane
1015 1101 1213 1142 indubium
1228 1105 1323 1145 mihi

50 1152 107 1193 est
117 1182 129 1201 ‚
144 1152 280 1194 dediffe
291 1153 503 1193 Lucianum
519 1151 672 1200 αὐτοὺς,
686 1155 794 1206 quod
808 1153 970 1194 refertur
985 1155 1030 1193 ad
1043 1155 1244 1206 ζητοῦντας
1256 1157 1324 1199 seu

51 1206 283 1260 disputantes
294 1237 308 1254 ,
322 1206 448 1259 synefi
461 1221 540 1248 non
558 1207 737 1254 abstrusa,
759 1221 828 1247 nec
841 1208 993 1247 difficili.
1007 1207 1124 1249 Certe
1141 1209 1190 1250 fic
1204 1211 1324 1252 inter-

50 1258 225 1314 Pretatus
244 1261 338 1302 sum.
354 1261 483 1301 GESN.
506 1261 665 1302 Gesneri
685 1262 899 1301 emendatio
917 1262 1012 1302 adeo
1027 1261 1080 1301 est
1096 1264 1299 1305 neceffaria
1310 1296 1324 1316 ,

50 1325 97 1354 ut
108 1327 194 1354 eam
213 1316 406 1368 recipere,
428 1317 543 1355 etiam
570 1316 698 1354 invitis
717 1316 823 1355 libris
834 1346 844 1362 ‚
858 1316 952 1354 nihil
971 1316 1184 1356 dubitarim.
1197 1318 1269 1358 Sed
1281 1321 1324 1361 ὅ(

50 1366 231 1409 Vorstius
249 1370 289 1408 in
306 1382 422 1422 marg.
440 1369 492 1408 fic
507 1370 745 1417 emendarat,
763 1369 802 1408 &
822 1368 919 1408 Cod.
936 1368 1023 1408 Pell.
1041 1372 1324 1414 correffionem

48 1415 189 1462 firmat.
204 1423 259 1463 La
280 1422 407 1463 Croze
425 1422 665 1476 adscripserat
677 1453 691 1470 ,
712 1422 870 1470 ἔφασκον
888 1423 1111 1475 legendum:
1133 1427 1238 1478 quod
1252 1426 1322 1467 etst

49 1476 214 1529 praestat
235 1477 418 1529 vulgatae
433 1507 446 1523 ,
466 1488 594 1516 tamen
620 1490 701 1516 non
733 1476 818 1516 satis
839 1476 993 1528 planum
1016 1478 1137 1517 reddit
1163 1480 1325 1522 sensum.

52 1529 248 1570 Rnn.‘0
261 1529 307 1570 sk
319 1528 436 1570 adm
454 1531 521 1580 μὲν
536 1529 681 1583 ἀγνοεῖν
702 1529 874 1571 ἔφασκεν·
893 1530 1005 1580 οἱμὲν
1016 1533 1094 1584 γὰρ
1109 1532 1206 1579 Χῖον,
1228 1548 1265 1574 κ.
1283 1547 1325 1576 7.·

50 1593 89 1623 λ.
106 1583 163 1624 Ita
182 1585 275 1624 haec
294 1583 418 1637 vulgo
440 1584 678 1636 legebantur,
698 1584 858 1624 absurde
877 1585 997 1623 nimis.
1013 1585 1186 1625 Reitzius
1204 1589 1323 1640 igitur

50 1633 169 1678 ωὖτδς
184 1649 373 1678 mutatum
388 1638 456 1677 ivit
475 1639 514 1677 in
529 1636 674 1677 αὐτούς.
689 1638 827 1691 Neque
843 1637 892 1677 fic
915 1649 1043 1677 tamen
1057 1641 1222 1679 rotunda
1234 1641 1326 1682 satis.

49 1692 180 1732 exibat
187 1693 318 1732 oratio
329 1721 343 1738 ,
355 1692 461 1744 quod
476 1692 691 1731 accuratius
704 1691 956 1730 consideranti
967 1690 1074 1732 facile
1086 1694 1321 1744 patebit.Ve-

50 1758 133 1785 ram
148 1745 306 1786 Luciani
320 1759 474 1785 manum
491 1746 640 1784 tandem
654 1745 825 1784 exhibuit
838 1745 882 1784 cl.
898 1745 977 1784 Bel.
993 1746 1038 1785 de
1049 1746 1159 1786 Ballu
1170 1760 1218 1787 ex
1233 1747 1323 1790 Mff.

48 1797 176 1852 Regg.
192 1799 344 1852 2954&
358 1813 428 1851 301
441 1812 475 1845 1,
489 1812 607 1852 quam
622 1800 658 1837 in
671 1810 779 1837 textu
795 1797 1053 1851 expressimus.

106 1857 180 1892 ead.
195 1854 219 1892 l.
233 1867 270 1906 9.
282 1852 517 1905 Κολοφώνκν)
528 1852 620 1892 Non
635 1852 805 1891 dubitavi
819 1851 1017 1891 secundam
1033 1852 1215 1903 syllabam
1227 1867 1322 1895 con·

51 1918 112 1947 tra
125 1906 208 1947 edd.
223 1917 439 1959 correptam
461 1906 549 1945 dare
557 1921 570 1954 3
592 1907 686 1959 quia
704 1918 782 1944 non
806 1907 924 1945 modo
945 1905 1083 1946 Strabo
1104 1908 1154 1946 ita
1179 1908 1322 1962 ubique

51 1960 199 2008 scribit,
213 1960 289 1998 vid.
305 1960 391 1999 eius
404 1960 446 1999 L.
460 1959 556 1999 XIV
568 1991 582 2006 ‚
599 1973 633 2012 p.
651 1974 725 2012 952
738 1989 751 2006 ,
765 1958 827 1998 vel
840 1961 933 2011 643,
947 1961 1010 1999 ubi
1024 1971 1082 2000 ter
1095 1972 1231 2012 quater
1254 1976 1323 2003 oc·

52 2014 174 2055 currit
183 2029 196 2062 ;
209 2012 270 2054 sed
282 2013 321 2052 δι
336 2014 427 2066 quia
441 2014 565 2065 poetis
577 2014 799 2066 corripitur,
814 2024 856 2052 ut
869 2015 906 2051 in
921 2013 1031 2067 saepe
1046 2014 1094 2053 ab
1110 2014 1190 2054 aliis
1205 2016 1322 2055 addu-

52 2067 119 2108 ἃο
132 2066 245 2107 versu
255 2080 303 2106 ex
319 2068 369 2106 A.
383 2066 483 2107 Gell.
499 2066 576 2112 111,
589 2066 646 2106 XI
655 2081 668 2115 ;
681 2080 795 2120 quem
810 2076 938 2105 tamen
954 2067 1073 2120 paulo
1084 2068 1195 2108 aliter
1209 2069 1323 2109 exhi-

52 2121 120 2162 bet
138 2120 355 2174 Antholog.
372 2120 445 2168 IV,
464 2135 506 2168 2,
523 2133 621 2172 quae
636 2119 707 2160 sic:
724 2119 846 2159 Ἑπτὰ
863 2121 991 2160 πόλεις
1013 2121 1225 2172 διερίζουσιν
1238 2123 1322 2176 περὶ

53 2172 334 2226 ῥίζανὉμίτρου·
345 2173 508 2227 Σμύρνα,
519 2174 598 2214 ‘1'68
600 2188 650 2223 ος,
664 2174 843 2222 Κολοφὼν,
857 2175 1045 2225 Σαλαμὶν,
1060 2170 1318 2230 Χίος,”Αρ’)κος,

48 2227 204 2269 Ἀθῆναι.
219 2227 369 2268 REITZ.

102 2284 180 2322 ead.
193 2283 217 2322 l.
231 2295 290 2330 ¹4·
306 2281 618 2335 Κατεγίνωσκον)
639 2281 731 2320 Non
753 2294 890 2320 verum
907 2281 983 2327 est,
1001 2282 1106 2335 quod
1121 2281 1323 2324 Scholiasta

47 2334 115 2383 ait,
126 2335 174 2375 ab
188 2334 387 2375 Atticismo
399 2334 571 2374 nostrum
582 2334 774 2380 receffiffe,
788 2336 944 2386 quando
961 2335 1034 2375 hoc
1046 2336 1208 2376 verbum
1225 2349 1317 2376 cum

49 2387 274 2431 accusativo
288 2389 495 2439 construit3
511 2401 583 2430 nec
601 2388 641 2428 hi
664 2390 767 2429 enim
785 2388 972 2443 duplicem
996 2390 1206 2444 genitivum
1227 2389 1319 2435 sema
