1768 3185
196 102 271 151 IN
304 101 521 151 VERAE
557 82 908 151 HISToRiAE
943 103 1058 151 Lm.
1094 106 1152 152 n.
1255 125 1346 174 577

65 183 170 227 hunc
189 185 259 228 suo
270 186 362 227 loco
373 199 455 226 non
469 199 669 239 comparet
679 197 748 226 aut
762 185 887 239 Κᾶρος,
899 198 966 227 aut
976 189 1124 239 Κάπρος
1137 189 1216 243 ille)
1231 192 1349 245 Ulys-

63 239 144 283 sem
157 240 218 282 hic
228 241 397 288 adducit,
409 241 502 294 quia
511 240 720 280 lu6lantem
733 240 820 281 fecit
831 242 1028 281 Homerus
1040 243 1165 295 (Iliad.
1179 251 1234 293 Ψ,
1249 261 1347 298 710,

63 294 107 337 δι
120 293 242 348 seqq‚)
253 306 343 335 cum
357 296 478 334 Aiace
489 325 502 341 ,
517 308 632 347 quem
648 295 689 334 &
701 294 918 348 prostravit.
929 296 1090 336 SOLAN.

69 380 75 385 .
120 351 196 387 ead.
207 349 230 388 l.
248 363 307 397 ¹4·
322 348 482 402 Ἀρείου)
496 349 587 388 Vid.
608 348 704 390 Plut.
716 351 791 402 396
803 380 814 398 ‚
839 363 872 389 2.
889 349 960 390 Sed
979 351 1010 390 is
1024 362 1151 391 tamen
1165 365 1187 392 a
1209 353 1346 394 nostro

64 400 249 442 diversus.
262 403 420 443 SOLAN.

74 489 78 491 i
119 455 211 508 Pag.
233 456 320 496 282.
334 458 360 497 Ι,
380 470 413 495 1.
425 449 589 509 Ὀστις)
612 455 670 496 Ita
685 455 917 497 restituimus
928 470 977 497 ex
995 457 1081 498 Mff.
1100 458 1223 512 Regg.
1238 472 1344 513 2954

64 509 109 550 δι
125 523 197 562 301
209 524 242 557 ι,
260 523 333 563 pro
349 510 495 563 vulgat.
514 511 584 550 τίς.

79 605 81 607 ,
118 567 191 602 ead.
204 565 229 603 l.
246 565 447 618 3.”Ομηρος
460 585 503 594 ·—
514 561 613 616 ‘Ha-.)
627 564 687 604 Ad
701 564 943 604 traditionem
957 565 1103 611 alludit,
1119 579 1222 618 quae
1235 580 1344 608 coae-

63 626 200 659 taneos
213 617 492 659 faciebat.Vid.
505 617 677 657 Philostr.
695 619 788 657 Her.
807 632 841 671 p.
857 621 949 669 726,
968 620 1009 659 &
1026 619 1102 674 seq.
1116 622 1155 660 δι
1172 614 1339 661 Ηεηηεςῖ

89 683 112 710 a
140 699 148 710 .
193 685 227 711 2.
248 672 409 712 SoLAN.

61 682 88 724 P
113 683 189 764 ἐτός.
204 726 228 765 l.
243 725 277 764 8.
292 725 480 778 Φάλαριν)
495 725 572 764 Hic
595 725 938 778 Agrigentinorum
960 736 1153 777 tyrannus
1167 758 1174 773 ,
1193 728 1256 768 cui
1274 728 1345 769 Pe-

63 777 171 818 rinus
186 788 337 819 taurum
354 792 514 820 aeneum
529 779 746 826 fabricavit,
762 793 842 833 quo
857 781 1021 832 impositi
1035 783 1142 821 noxii
1157 782 1248 821 dum
1265 794 1345 822 tor-

62 844 255 880 rerentur,
269 835 367 874 tauri
383 835 571 886 mugitum
584 834 804 874 reddebant.
822 835 952 874 Senec.
964 835 1005 874 L.
1024 850 1045 874 2
1062 836 1106 875 de
1118 835 1242 876 Clem.
1257 848 1341 891 cap.

62 902 113 935 4,
130 887 224 927 &L
242 902 264 927 2
282 888 328 927 de
340 887 412 928 Ira.
426 888 576 927 COGN.

68 975 71 976 γ
115 941 195 980 ibid.
210 942 386 996 Βούσιριν)
399 941 542 982 Busiris
554 954 620 981 rex
636 941 941 995 Aegyptiorum,
952 942 1174 994 Neptuni&
1192 943 1342 995 Lybiae

62 992 186 1042 filius,
240 996 280 1035 ui
302 995 452 1036 Thrafii
475 995 639 1035 consilio
662 997 826 1049 hospites
847 996 1018 1035 violabat
1038 999 1277 1049 incognitos,
1298 1010 1343 1038 ut

60 1060 200 1103 eorum
233 1051 400 1102 anguine
421 1049 594 1102 pluviam
615 1050 794 1097 eliceret,
816 1052 927 1090 cuius
950 1051 1109 1102 penuria
1131 1052 1342 1103 Aegyptus

60 1115 208 1142 novem
229 1105 336 1143 annis
357 1104 613 1144 laboraverat.
635 1104 777 1144 Seneca
800 1104 874 1144 loc.
900 1104 960 1142 cit.
985 1105 1130 1144 COGN.
1152 1106 1340 1146 Mendose

61 1167 176 1199 antea
202 1157 433 1199 scribebatur
455 1160 635 1209 Βοὺσυριν.
656 1158 736 1205 Sic,
764 1170 806 1197 ut
829 1158 1032 1206 edidimus,
1056 1171 1132 1198 non
1159 1159 1340 1200 auctores

58 1220 210 1251 tantum
223 1212 353 1260 multi,
368 1212 429 1252 sed
450 1213 487 1252 δι
502 1211 732 1252 numismata
748 1211 935 1252 scribunt:
953 1214 998 1252 de
1013 1226 1096 1266 quo
1115 1214 1200 1253 vide
1214 1214 1341 1267 Apol·

58 1264 137 1304 lod.
151 1265 210 1314 ΙΙ,
232 1280 270 1319 p.
288 1279 331 1320 53
349 1266 394 1306 B.
408 1267 566 1307 SOLAN.

112 1323 188 1359 ead.
202 1321 226 1358 l.
241 1334 278 1374 9.
289 1320 500 1374 Διομήδην)
511 1320 719 1360 Diomedes
731 1332 799 1359 rex
806 1320 996 1360 Thraciae
1008 1320 1096 1360 duo-2
1109 1331 1235 1373 equos
1248 1319 1338 1363 suos

57 1371 228 1413 humana
239 1375 497 1422 carnealeret,
514 1376 552 1414 in
565 1374 715 1425 Tyrida
726 1375 872 1427 oppido
881 1374 1122 1414 truculentus
1132 1376 1181 1413 ab
1195 1377 1341 1416 Hercu·

57 1426 214 1481 leequis
226 1427 314 1481 ipsis
325 1429 371 1467 ad
381 1429 647 1468 devorandum
659 1429 836 1468 obiectus
848 1427 912 1467 est.
923 1428 1001 1468 Ov.
1018 1429 1074 1468 IX
1087 1429 1181 1468 Met.
1190 1428 1338 1473 COGN.

65 1505 70 1509 -
109 1483 186 1523 ead.
199 1482 223 1520 l.
242 1495 299 1521 10.
313 1483 516 1535 Σκείρωνα)
529 1483 734 1522 Latronem
750 1482 946 1534 insignem,
959 1483 1024 1534 qui
1039 1484 1242 1534 proximos
1254 1485 1338 1524 Me·

58 1537 160 1588 garis
178 1534 362 1589 scopulos
382 1536 542 1576 insidens
564 1537 601 1575 in
626 1537 797 1575 viatores
817 1547 1101 1587 praetereuntes
1124 1537 1236 1576 nullo
1257 1551 1337 1578 non

57 1589 291 1631 crudelitatis
303 1603 444 1642 genere
460 1589 653 1630 saeviebat
666 1603 674 1629 :
692 1591 796 1629 hunc
807 1589 980 1630 Theseus
996 1589 1145 1630 occidit.
1160 1590 1226 1630 Co
1233 1601 1310 1632 GN.

111 1644 189 1683 ibid.
202 1644 501 1697 Πιτυοκάμτην)
518 1644 702 1692 Schinim‚
725 1642 907 1696 insignem
928 1644 1115 1683 latronem
1127 1673 1139 1689 ,
1153 1646 1221 1697 qui
1236 1646 1337 1686 circa

54 1695 188 1742 Isthmi
202 1699 355 1738 initium
371 1727 382 1743 ‚
408 1698 501 1738 teste
518 1698 722 1744 Pausania,
739 1699 839 1737 miro
853 1697 1083 1736 crudelitatis
1103 1710 1240 1749 genere
1256 1698 1337 1738 sae-

55 1752 200 1797 viebat.
221 1752 286 1792 De
304 1765 354 1792 eo
378 1751 566 1794 Plutarch.
591 1753 630 1791 in
650 1750 764 1790 Thes.
786 1750 934 1790 COGN.
950 1751 1048 1790 Vide
1070 1751 1165 1790 Plut.
1192 1753 1229 1790 in
1251 1755 1334 1793 vita

55 1804 204 1846 Thesei.
217 1806 265 1846 Et
278 1806 459 1859 Xenoph.
476 1807 541 1846 lib.
555 1806 590 1845 11
606 1805 928 1855 ἈπομνΝοκε-Γ.
951 1803 1013 1844 De
1024 1804 1226 1844 Centauro
1245 1806 1310 1846 illo
1321 1837 1334 1854 ,

56 1862 126 1913 qui
143 1862 257 1913 pinus
278 1861 528 1906 incurvabat,
551 1859 687 1912 supra,
704 1859 741 1897 ni
763 1857 887 1905 fallor,
900 1859 948 1899 T.
962 1858 996 1904 1,
1022 1859 1097 1897 iam
1118 1858 1334 1900 habuimus.

57 1914 196 1955 Suidae
205 1915 263 1955 ed.
274 1914 372 1966 Hag.
386 1914 674 1965 Πιτυκάμπτης
687 1912 827 1957 scribit,
839 1912 978 1953 omisso
996 1913 1124 1951 medio
1145 1929 1172 1952 o.
1186 1913 1336 1954 REITz.

110 1972 185 2009 ead.
199 1970 222 2008 l.
243 1962 446 2020 iifl-{pems-
462 1967 524 2007 ἐπὶ
543 1965 609 2007 τῆς
632 1966 772 2020 ἠϊόνος)
797 1967 902 2007 Bene
922 1979 1060 2007 contra
1085 1965 1161 2006 Th.
1183 1968 1332 2020 Magist.

57 2034 193 2064 monet
213 2021 309 2063 lens.
330 2023 369 2061 in
392 2022 511 2062 LeElt.
533 2022 623 2062 Luc.
644 2034 729 2074 pag.
750 2034 816 2069 10,
843 2014 1125 2069 scribens:“Hpc0
1145 2021 1333 2071 Ἀττικοὶ,

55 2074 184 2116 scribit
207 2076 346 2116 iterum
364 2076 566 2123 Thomas,
590 2072 667 2127 οὐχ
684 2075 807 2126 Ὴρώα·
827 2073 1022 2125 καὶἮρως,
1036 2075 1100 2112 ἐπὶ
1120 2075 1335 2115 αἰτιατικῆς

59 2130 132 2168 τῶν
145 2129 410 2175 πληθυντικῶν,
423 2125 658 2183 οὖχἭρωας.
670 2129 766 2169 Ecce
778 2141 904 2168 tamen
918 2142 996 2168 non
1009 2127 1120 2166 semel
1132 2125 1248 2177 ἥρωας
1263 2130 1334 2168 Lu-

58 2184 208 2224 cianus.
222 2184 265 2224 In
285 2185 407 2225 Zeux.
424 2197 457 2224 c.
473 2199 508 2236 3,
527 2182 543 2222 ὃ
562 2184 690 2234 Ζεῦξις
703 2177 770 2222 οὒκ
795 2184 950 2247 ἔγραφεν
965 2179 1095 2237 ἶν’ρωεςς,
1112 2186 1130 2218 ‚3
1152 2182 1266 2220 ἓεοὺς.
1288 2183 1334 2222 In

58 2238 166 2278 Vera
184 2237 278 2278 Hist.
295 2251 378 2292 cap.
395 2252 460 2292 23,
472 2238 674 2277 Ἐκτάισσει
696 2238 780 2276 τοὺς
799 2235 914 2285 ἥρωας
935 2237 998 2276 ἐπὶ
1021 2236 1088 2274 τῆς
1108 2232 1231 2275 ἠϊόνος.
1250 2236 1334 2289 Ipsa

87 2305 220 2346 uoque
231 2294 324 2332 haec
339 2305 422 2332 vox
435 2291 551 2337 Ἠϊὼν,
565 2289 692 2337 ἠϊόνος,
704 2291 884 2337 deterior,
897 2304 1012 2343 quarn
1030 2289 1110 2336 ἐνὼν,
1124 2287 1233 2337 ham,
1245 2304 1334 2329 cen-

58 2305 161 2386 Petur
173 2346 222 2386 ab
235 2347 370 2387 eodem
382 2360 394 2394 3
408 2358 496 2386 cum
517 2357 646 2385 tamen
661 2358 739 2384 non
759 2346 876 2384 modo
891 2347 927 2383 in
949 2358 1024 2383 noxv
1035 2342 1153 2382 iffime
1165 2344 1331 2385 addueto

60 2400 137 2445 hoc
150 2400 312 2443 Luciani
326 2400 418 2440 loco
429 2430 440 2445 ,
457 2399 520 2440 sed
532 2400 572 2440 δι
587 2401 624 2438 ἰη
637 2399 736 2448 aliis,
750 2412 793 2440 ac
805 2398 925 2440 ferme
939 2398 1140 2446 omnibus,
1152 2399 1245 2439 haec
1258 2410 1334 2449 vo:

139 2455 286 2496 Lucian.
319 2456 399 2496 Vol.
426 2452 498 2495 IV.
1002 2451 1084 2492 Oo
