1841 3180
485 128 580 193 '458
689 127 1571 181 'ANNOTATIONES

496 217 683 268 Ηράκλεισι
696 250 707 265 ,
723 218 741 258 ῐὶ
758 220 809 257 τὰ
822 218 1024 269 Ὀλύμπιοι
1043 219 1120 260 &c.
1134 221 1263 260 Vetus
1283 219 1481 275 inscriptio
1498 222 1697 270 Romana,
1715 221 1765 264 de
1835 223 1838 243 ³

485 270 652 323 qualos.
667 273 834 325 Scaliger
849 273 910 311 lib.
927 273 971 312 de
984 273 1132 313 emend.
1153 285 1270 327 temp.
1288 276 1442 327 quinto,
1463 289 1500 328 p.
1519 277 1608 325 476.
1624 275 1764 328 Olym-
1832 318 1833 321 Ἴ

485 326 547 375 pia
561 327 678 365 etiam
704 327 788 379 post
809 326 1071 366 Panathenaea
1084 327 1253 368 recenset
1268 328 1510 380 Hesychius,
1525 330 1726 381 Ὀλύμπια,
1743 330 1763 370 ὃ

483 377 662 427 ’ΛΘίινῃσ-ιν
679 380 798 432 ἀγών.
812 380 909 419 Item
926 381 999 419 alia
1016 380 1228 434 Olympia,
1247 396 1346 435 quae
1371 382 1584 434 Smyrnae,
1608 385 1650 424 δι
1669 383 1766 432 alia,
1837 391 1841 407 ἱ

485 446 588 485 quae
602 433 794 486 Pergami,
811 433 851 472 δι
867 434 940 473 alia
959 435 1221 476 Alexandriae
1233 467 1244 484 ‚
1259 449 1428 488 quorum
1446 437 1681 477 mentionem
1699 437 1768 478 fie·
1827 439 1835 463 Δ

487 489 518 526 ri
537 489 572 525 in
590 488 783 527 Pandeffls
806 486 930 527 asserit
952 488 1052 529 idem
1073 489 1250 543 Scaliger.
1273 490 1463 542 Respectu
1486 491 1602 544 igitur
1623 491 1766 532 horum

487 542 662 580 omnium
680 542 933 581 certaminum
945 572 956 588 ,
973 556 1075 596 quae
1091 543 1158 583 sub
1173 545 1329 584 nomine
1340 544 1622 596 Olympiorum
1638 546 1766 585 diver-

487 594 537 632 [ιε
551 595 646 634 locis
661 595 967 643 celebrabantur,
988 597 1085 636 dieta
1109 597 1196 637 sunt
1212 598 1402 650 Olympia
1424 611 1564 651 magna
1579 612 1624 639 ea
1636 629 1649 645 ,
1664 612 1767 652 quae
1835 611 1839 624 ²

487 647 592 688 Pisae
606 649 958 690 committebantur.
972 650 1105 691 PALM.
1119 651 1179 691 Cf.
1190 651 1303 707 supra
1314 652 1507 693 Herodot.
1521 666 1552 693 c.
1567 651 1768 694 1.SOLAN.

655 787 726 831 IN
760 785 1071 833 SCYTHAM
1107 754 1223 834 sm
1261 787 1606 833 HOSPITEM.

545 867 637 919 Pag.
656 880 740 920 ¹45·
755 868 777 905 l.
797 881 828 906 1.
842 866 1057 921 ΣΚΥΘΗΣ)
1072 867 1305 919 Πρω-λαλιά.
1321 867 1464 906 Habita
1478 879 1578 907 vero
1591 867 1630 906 in
1641 867 1770 908 Mace·
1835 907 1841 923 .=

490 921 608 960 donia
619 951 632 967 ‚
646 919 686 961 δι
701 921 871 974 quidem,
886 933 928 960 ut
941 922 1202 963 coniecturam
1220 920 1369 968 feceris,
1381 921 1686 962 Theffalonicae.
1700 922 1770 962 Pa·
1839 959 1841 964 .

489 973 608 1014 tescet
621 974 762 1027 legenti
782 989 818 1028 p.
842 990 915 1029 540
932 975 973 1015 δι
991 974 1066 1029 seq.
1082 976 1272 1016 MAch..
1289 975 1424 1028 Quam
1440 976 1640 1015 Marcilius
1663 976 1769 1029 pagi·
1835 969 1841 1007 ἱ

489 1041 579 1067 nam
592 1029 730 1069 indicat
743 1059 756 1075 ,
775 1042 819 1069 ea
831 1030 884 1070 est
900 1029 1082 1069 Parifinae
1094 1031 1274 1070 editionis
1285 1061 1297 1078 ‚
1311 1031 1336 1069 i.
1351 1043 1385 1069 e.
1399 1029 1598 1083 Astrolog.
1615 1042 1639 1069 a
1649 1043 1731 1084 cap.
1741 1044 1768 1081 4
1837 1051 1841 1062 ι

492 1084 539 1122 ad
558 1097 618 1123 10.
632 1083 704 1123 Sed
717 1096 871 1132 vereor,
887 1095 931 1124 ut
944 1097 1130 1124 numerus
1142 1083 1242 1124 re&e
1259 1083 1302 1123 sit
1314 1083 1520 1137 expressus.
1533 1084 1682 1124 ΚΕΗ-Ζ.

546 1140 619 1177 ead.
634 1138 658 1177 l.
673 1152 708 1178 2.
724 1137 874 1189 Πρῶτος
893 1137 1154 1191 Ἀνάχαρσις)
1175 1138 1264 1178 Vid.
1287 1138 1402 1177 huius
1422 1139 1545 1177 vitam
1570 1138 1612 1178 &
1639 1139 1772 1192 Epita-

490 1191 625 1244 phium
638 1192 740 1245 apud
752 1193 960 1233 Laenium.
971 1192 1118 1232 CooN.
1133 1191 1302 1245 Πρῶτος)
1317 1192 1376 1232 Sic
1388 1194 1489 1233 reae
1499 1223 1512 1238 ,
1525 1193 1567 1233 &
1580 1204 1682 1245 patet
1697 1193 1770 1234 hac
1840 1208 1841 1214 ¹

491 1246 725 1286 narratione.
747 1246 934 1287 Mendol'e
956 1248 993 1286 in
1018 1247 1098 1286 aliis
1112 1248 1265 1298 πρῶτον.
1280 1247 1453 1286 Romu).
1470 1245 1617 1299 Πρῶτος
1640 1259 1772 1287 emen-

493 1300 627 1340 datum
650 1302 690 1340 in
713 1302 758 1341 B.
773 1316 794 1340 2
812 1302 856 1341 Ρ,
880 1304 919 1341 S.
933 1301 973 1341 δι
987 1303 1037 1343 Α.
1062 1301 1106 1341 In
1129 1301 1414 1355 antiquioribus
1437 1313 1558 1354 prave
1572 1301 1772 1354 legebatur

493 1355 647 1408 πρῶτον.
663 1355 821 1395 SOLAN.

548 1410 629 1449 ibid.
643 1409 904 1461 Ἀνάχαρσις)
920 1410 1100 1450 Meminit
1112 1409 1227 1449 huius
1248 1408 1421 1449 Galenus
1435 1409 1472 1448 in
1486 1424 1610 1461 προτρ.
1627 1409 1674 1449 ad
1694 1409 1774 1449 Ar-

493 1473 562 1502 tes.
576 1465 741 1504 VORST.
755 1463 873 1517 Quae
886 1464 932 1504 de
947 1463 1205 1504 Anacharfide
1218 1463 1277 1503 hic
1290 1464 1402 1503 habet
1412 1495 1424 1512 ,
1437 1475 1643 1503 narrantur
1655 1464 1774 1505 etiam

495 1519 598 1568 apud
612 1520 707 1559 Plut.
724 1533 760 1573 p.
775 1519 823 1558 26
837 1519 879 1558 F.
893 1519 935 1558 &
946 1518 1066 1572 Diog.
1080 1519 1206 1559 Laert.
1220 1517 1294 1558 Sed
1307 1518 1426 1558 aliter.
1439 1517 1536 1558 Item
1549 1531 1610 1573 ap.
1623 1518 1772 1558 Herod.

494 1570 568 1619 IV,
581 1574 632 1622 46
643 1605 654 1621 ,
667 1588 704 1627 p.
724 1587 806 1626 155.
821 1573 980 1613 SOLAN.

549 1631 626 1667 ead.
642 1629 667 1666 l.
687 1641 718 1680 5.
733 1625 784 1668 Οὐ
800 1626 866 1667 τοῦ
881 1629 976 1674 βας.
990 1625 1147 1682 γένους)
1163 1626 1252 1667 Hoc
1266 1639 1290 1665 a
1303 1627 1480 1667 Luciano
1500 1624 1748 1666 observatum
1759 1656 1772 1675 ,

497 1682 612 1733 quia,
628 1695 743 1736 quem
760 1682 996 1730 nominavit,
1009 1680 1241 1721 Anacharsis
1256 1694 1278 1722 e
1294 1682 1400 1735 regia
1411 1680 1526 1735 stirpe
1544 1691 1628 1721 erat
1642 1681 1775 1721 oriun-

497 1737 580 1775 dus.
596 1737 689 1776 Vid.
705 1737 850 1777 Herod.
865 1751 900 1790 p.
921 1750 992 1789 155
1008 1735 1033 1776 f.
1046 1736 1206 1776 SOLAN.

552 1794 625 1830 ead.
637 1792 661 1831 l.
677 1790 803 1844 6:911)
818 1791 1046 1844 Turparunt
1059 1791 1226 1830 editores
1238 1789 1378 1829 novitii
1390 1789 1573 1829 finceram
1594 1801 1775 1830 veterum

498 1845 711 1885 editionum
727 1846 934 1886 lthionem
944 1874 955 1893 ,
970 1845 1062 1884 dum
1076 1845 1262 1884 dederunt
1274 1873 1285 1893 ,
1301 1842 1338 1884 οὗ
1352 1842 1418 1884 τοῦ
1431 1842 1633 1891 βασιλικοῦ
1645 1843 1778 1897 γένους

499 1899 551 1947 ὂν,
564 1912 702 1953 nempe
713 1899 748 1939 ’ὃν
762 1914 834 1954 pro
854 1900 909 1938 ὢν.
924 1899 1030 1938 ΙεΝς.
1749 1939 1753 1942 ,

553 1955 633 1994 ibid.
649 1953 911 2007 Πιλοφορικῐόν)
925 1953 1029 2007 Quis
1040 1953 1115 1993 hoc
1126 1952 1418 2000 memoraverit,
1429 1965 1490 1992 me
1501 1952 1604 1991 latet.
1616 1951 1776 1992 somn.

553 2009 634 2049 ibid.
648 2008 794 2048 Σκυθῶν
805 2008 875 2048 τῶν
890 2007 1056 2062 πολλῶν)
1072 2008 1132 2048 Sic
1145 2006 1229 2048 infr.
1241 2006 1324 2060 Τοξ.
1340 2019 1374 2047 c.
1389 2021 1437 2060 45
1452 2007 1549 2046 med.
1565 2006 1715 2046 Πένητα,
1726 2027 1772 2036 -

499 2063 564 2103 καὶ
581 2061 728 2103 Σκυθῶν
739 2062 811 2103 τῶν
822 2062 984 2103 πολλῶν.
997 2062 1156 2103 SOLAN.

558 2121 632 2157 ead.
645 2118 668 2156 l.
682 2116 719 2156 8.
731 2116 991 2170 ’On-rozoroses)
1011 2117 1198 2168 Scythico
1214 2115 1426 2169 proverbio
1440 2113 1681 2160 dicebantur,
1694 2112 1781 2166 qui-

502 2172 576 2212 bus
590 2170 801 2211 rusticanae
820 2182 970 2210 tantum
995 2184 1092 2225 opes
1105 2181 1237 2219 erant,
1261 2170 1407 2222 quique
1427 2169 1528 2208 duos
1547 2166 1776 2221 poffiderent

504 2227 649 2274 boves,
664 2225 706 2265 &
720 2238 878 2265 currum
893 2239 1015 2265 unum
1030 2238 1038 2264 :
1056 2226 1156 2264 inter
1175 2237 1270 2277 opes
1284 2225 1385 2264 enim
1402 2221 1612 2263 rusticanas
1628 2222 1777 2274 praeci-

503 2293 581 2333 pue
597 2278 763 2320 recenset
775 2278 932 2320 Hefiod.
944 2280 1088 2319 bovem
1101 2290 1307 2318 aratorem.
1321 2278 1470 2318 COGN.
1619 2313 1628 2317 ,

563 2337 634 2373 ead.
646 2335 669 2375 l.
686 2348 700 2372 1
713 2348 746 2373 1.
768 2333 860 2373 Μετ’
872 2329 910 2373 οὐ
932 2332 1058 2386 πολὺ)
1071 2333 1198 2372 Immo
1222 2331 1307 2385 post
1325 2331 1476 2373 CXXX
1492 2329 1687 2369 minimum
1711 2342 1779 2368 an-

508 2401 601 2428 nos:
624 2398 683 2428 tot
696 2387 800 2428 enim
824 2388 923 2428 inter
937 2388 1121 2429 Solonem
1138 2387 1178 2428 &
1193 2385 1333 2440 pestem
1346 2416 1359 2436 ,
1378 2386 1424 2426 de
1442 2397 1519 2439 qua
1538 2397 1630 2425 mox
1643 2415 1654 2434 ,
1667 2385 1782 2427 interf

506 2441 708 2483 cefferunt.
723 2442 883 2483 SOLAN.
