1841 3180
506 141 601 202 448
707 137 1587 188 ANNoTATIONES

503 231 705 285 participia
721 231 848 271 omnia
863 231 900 269 in
923 229 1108 283 praesenti
1126 241 1302 283 tempore
1322 229 1553 278 efferuntur,
1577 231 1666 284 quia
1685 227 1788 274 'leoto-
1832 230 1837 241 ¹

507 286 690 331 βαλόντες
711 299 799 325 cum
821 287 1014 334 τέμνοντες
1036 297 1117 324 non
1140 286 1193 323 ita
1215 284 1316 324 arcte
1341 286 1544 326 cohaeret:
1567 298 1654 325 nam
1674 287 1785 339 quod
1838 324 1841 327 ,

509 340 598 379 Κειν’
613 340 648 378 in
667 340 755 378 lum.
778 352 798 378 a
817 340 962 377 maiore
984 338 1092 377 litera
1118 339 1342 386 inchoatur,
1365 338 1455 392 quia
1476 339 1596 379 verba
1620 340 1786 380 Homeri
1836 334 1841 348 “

506 392 615 440 sunt,
630 394 735 431 nihili
749 392 815 435 est,
834 405 921 430 cum
938 404 1067 431 novus
1082 392 1207 432 sensus
1221 393 1271 431 ibi
1284 405 1362 431 non
1377 393 1552 446 incipiat3
1567 393 1655 433 ideo
1666 394 1784 434 etiam
1835 391 1841 439 Ϊ

510 459 667 487 comma
682 458 769 485 ante
783 447 863 484 ›tew'
876 445 1010 484 tollere
1025 459 1102 485 non
1117 447 1304 493 dubitavi,
1318 459 1400 499 quo
1411 445 1557 486 sensum
1572 447 1785 500 planiorem

509 502 834 540 redderem‘sum
858 501 971 538 etiam
997 512 1198 538 accentum
1220 501 1258 538 in
1284 501 1369 539 κειν’
1389 501 1566 547 mutavi,
1587 513 1678 541 cum
1702 503 1786 543 edd.
1831 542 1839 550 ,

509 555 719 594 nonnullae
734 554 891 593 Luciani
904 554 1087 592 haberent
1103 554 1197 593 κεῖν’.
1212 553 1275 593 Est
1289 554 1389 593 enim
1402 555 1462 595 hic
1475 555 1559 594 κείν’
1573 568 1646 607 pro
1658 558 1785 604 κεινὰ,
1831 551 1841 568 ⁶

507 609 534 646 i.
556 621 588 647 e.
605 610 692 646 κενὰ
706 608 829 658 ὄχεα,
848 610 1101 655 v.1cu1'currus;
1125 606 1185 647 sed
1200 607 1286 646 κεῖν’
1304 608 1328 652 s.
1345 607 1448 647 κεῖνοι
1463 608 1512 647 ab
1529 608 1658 648 ἐκεῖνος
1672 609 1784 650 foret.
1836 609 1841 632 ³

509 661 573 700 Sic
596 660 725 700 saitem
748 662 830 699 κείν’
845 671 1006 700 accentu
1028 673 1143 700 acuto
1165 662 1202 699 in
1219 662 1342 701 tribus
1355 675 1515 716 quoque
1525 662 1652 703 bonae
1667 674 1784 704 notae

507 716 674 755 Homeri
687 715 787 755 editt.
805 728 899 768 quas
912 715 1084 761 contuli,
1102 728 1301 755 exaratum
1318 715 1390 764 est3
1404 715 1549 769 alioqui
1564 717 1692 770 potius
1705 716 1785 758 fine

507 779 675 809 accentu
691 769 913 817 scriberem,
929 770 1017 821 quia
1034 770 1063 808 is
1084 770 1122 808 in
1145 769 1316 809 ultimam
1334 770 1477 809 incidit:
1501 769 1562 810 sed
1585 771 1673 824 quia
1695 771 1786 812 usus

509 823 701 872 obtinuit,
725 836 767 863 ut
795 823 1030 862 declinabilia
1056 835 1256 863 accentum
1279 823 1474 863 retrahant
1499 836 1587 865 ante
1607 825 1785 878 apostro·
1837 855 1841 861 .

507 878 652 930 phum,
678 879 772 916 bene
800 877 886 916 κείν’
907 876 1091 916 scribitur.
1118 878 1397 917 Verumtamen
1424 878 1549 919 adhuc
1571 879 1715 932 aliquid
1738 880 1787 921 ad
1837 886 1841 895 ⁴

507 930 656 970 sensum
673 930 793 970 deeffe
810 932 977 977 videtur,
1002 944 1141 984 nempe
1156 932 1220 971 καὶ
1243 933 1307 972 vel
1327 944 1384 971 τε·
1411 931 1561 971 mallem
1577 933 1709 986 itaque
1731 931 1787 974 le·
1838 963 1841 968 -

509 998 615 1037 gere,
627 985 711 1024 τούς
721 999 766 1024 τε
781 986 975 1031 ἐπιβάτας
988 984 1247 1030 ἀποβαλόντες
1260 985 1343 1024 κείν’
1356 985 1464 1039 ’όχεει
1476 988 1704 1039 κροτάλιζον,
1710 987 1786 1041 fist
1840 1000 1841 1003 ’

503 1044 527 1093 J
530 1040 623 1079 bribu
619 1039 704 1092 filue
716 1042 857 1092 cxcuffi's
871 1055 1000 1078 vacuos
1013 1055 1133 1079 currus
1153 1055 1227 1080 cum
1242 1040 1384 1093 strepitu
1397 1040 1582 1092 rapiebant.
1604 1044 1786 1092 Κροτέιλι·

508 1095 566 1145 ζον
586 1095 687 1132 enim
704 1094 764 1132 hic
777 1107 850 1147 pro
865 1093 1110 1144 ἐκροτέιλιζσν,
1130 1105 1342 1147 augmento
1361 1094 1515 1146 poetice
1527 1094 1697 1144 abiecto,
1711 1094 1786 1135 ser-

507 1151 698 1196 vandum3
713 1148 798 1187 licet
814 1148 925 1194 alibi,
936 1148 1004 1188 ubi
1018 1150 1062 1186 ad
1077 1151 1219 1200 poetae
1229 1148 1397 1188 alicuius
1415 1148 1532 1188 verba
1545 1161 1623 1189 non
1635 1148 1787 1202 respici-

507 1213 587 1246 tur,
602 1202 638 1241 id
660 1201 838 1252 omiflum
858 1201 959 1241 refte
980 1201 1212 1241 restituerint
1223 1203 1372 1242 eruditi.
1384 1203 1475 1241 Vid.
1489 1200 1734 1243 mofoarm.
1748 1217 1783 1244 c.

515 1270 552 1304 1,
567 1256 632 1295 ubi
654 1255 806 1296 νικήσας
821 1257 859 1294 in
871 1256 1042 1294 ἐνίκησας
1059 1267 1261 1295 mutatum.
1275 1257 1330 1295 At
1350 1257 1389 1295 in
1405 1267 1523 1309 praet.
1544 1256 1666 1312 plusq.
1687 1257 1784 1312 perf.

509 1307 621 1362 saepe
634 1311 672 1348 in
687 1309 797 1362 prosa
812 1309 926 1349 etiam
941 1310 1129 1356 amicitur,
1144 1322 1188 1349 ut
1200 1310 1319 1350 dicam
1336 1310 1481 1350 deinde.
1497 1310 1642 1352 Ri-:n-z.

564 1364 644 1404 ibid.
658 1362 881 1416 Κεὶνῖὂχεα)
896 1364 1058 1403 Homer.
1073 1363 1114 1402 Il.
1129 1369 1155 1403 Λ
1168 1393 1178 1411 ‚
1198 1378 1210 1402 1
1221 1365 1284 1404 60.
1298 1364 1455 1404 SOLAN.

566 1422 640 1457 ead.
660 1420 684 1458 l.
713 1431 770 1472 13.
798 1417 1114 1470 Κατεβέιλλοντο)
1145 1418 1228 1458 MS.
1261 1418 1409 1472 Regius
1437 1419 1786 1471 κατελαμβάνοντο.

509 1472 684 1512 Eoum).

567 1531 640 1565 cad.
654 1528 675 1564 l.
692 1539 705 1563 1
714 1526 751 1566 6.
764 1525 1060 1579 Περιστείροντες)
1079 1525 1169 1565 Vid.
1184 1525 1303 1580 paulo
1317 1525 1429 1581 supra
1441 1526 1488 1567 ad
1500 1538 1621 1582 caput
1633 1541 1785 1582 praece·

510 1580 616 1619 dens.
639 1581 797 1621 SOLAN.

566 1635 657 1686 Pag.
673 1635 793 1686 135.l.
814 1648 845 1685 5.
859 1632 1109 1686 Ἐπαιώνιζον)
1122 1633 1161 1673 Ρ.
1175 1633 1214 1674 δι
1228 1633 1358 1674 Schol.
1368 1635 1592 1686 ἐπαιάνιζον.
1602 1636 1784 1690 Utroque

511 1689 633 1728 modo
647 1689 769 1741 vulgo
781 1688 882 1739 apud
896 1687 1096 1740 scriptores
1109 1689 1305 1741 reperitur.
1319 1689 1478 1729 SOLAN.

567 1746 641 1782 ead.
656 1744 678 1781 l.
703 1757 761 1791 12.
776 1742 1007 1794 Ἐλέφοιντα)
1028 1739 1128 1782 vide
1152 1744 1234 1782 eius
1254 1755 1456 1783 nummum
1469 1771 1482 1791 ‚
1499 1755 1616 1797 quem
1630 1743 1789 1784 exhibet

511 1796 652 1849 Spanh.
665 1798 755 1846 406.
771 1796 931 1836 SOLAN.

688 1931 791 1975 IN
860 1930 1614 1991 HARMON1DEM.

567 2014 659 2068 Pag.
679 2027 695 2052 1
705 2027 765 2066 37.
783 2013 807 2051 l.
826 2025 859 2052 1.
883 2011 1183 2065 ΑΡΜΟΝΙΔΗΣ)
1196 2011 1290 2051 Non
1304 2010 1358 2052 est
1377 2013 1597 2065 προσ-λαλιὰ
1605 2041 1621 2059 ,
1634 2010 1697 2052 sed
1709 2010 1785 2053 Σῦ-

509 2082 668 2115 στοισις,
683 2066 763 2107 five
779 2067 1074 2106 commendatio.
1090 2067 1280 2106 MAacn..
1341 2103 1343 2106 .

566 2125 639 2161 ead.
652 2123 676 2161 l.
689 2120 960 2173 αὕΑρμονιὲης)
970 2121 1146 2174 Philippo
1159 2120 1310 2159 Maced.
1324 2129 1510 2173 regnante
1519 2119 1629 2162 vixit.
1641 2120 1784 2162 Marm.

511 2176 647 2217 Oxou.
665 2191 752 2229 173,
763 2188 822 2227 ep.
835 2189 898 2223 77.
913 2176 964 2214 V.
978 2174 1073 2214 Plut.
1092 2189 1167 2225 957
1189 2175 1210 2213 i.
1226 2174 1384 2214 SOLAn.
1654 2192 1659 2196 ·

566 2233 646 2271 ibid.
658 2229 849 2282 Τιμόθεον)
866 2230 940 2268 Hic
955 2228 1155 2268 nobiliffim
1163 2241 1207 2268 us
1220 2227 1286 2268 sub
1310 2227 1533 2268 Alexandro
1547 2241 1690 2282 magno
1708 2227 1784 2268 flo-

512 2286 588 2325 ruit
601 2316 613 2331 ,
628 2285 674 2324 de
689 2285 802 2323 cuius
814 2282 966 2323 Musica
977 2314 986 2328 ‚
1006 2296 1083 2336 qua
1098 2283 1360 2323 Alexandrum
1382 2283 1432 2321 ad
1445 2282 1586 2322 bellum
1602 2282 1783 2322 accende*-

513 2352 555 2378 re
571 2338 743 2384 solebat,
762 2338 931 2377 meminit
950 2337 1032 2376 Dio
1055 2337 1094 2375 in
1109 2337 1174 2377 lib.·
1190 2337 1235 2376 de
1259 2337 1409 2389 Regno.
1422 2336 1565 2376 COGN.
1585 2337 1781 2376 Timotheus

512 2394 660 2443 lyricus
672 2392 797 2431 clarus
805 2391 862 2431 *est
875 2392 974 2444 apud
988 2402 1158 2438 veteres,
1174 2393 1239 2444 qui
1251 2422 1262 2438 ,
1278 2391 1383 2443 quod
1399 2391 1527 2442 plures
1537 2390 1649 2442 lyrae
1663 2391 1782 2430 chor·

511 2446 579 2485 das
600 2445 788 2486 addidiffet
801 2477 813 2496 ,
835 2446 1122 2486 Lacedaemone
1142 2443 1312 2486 exsulare
1331 2443 1446 2485 iuss'us
1461 2443 1541 2492 est,
1564 2443 1665 2485 Plut.
1689 2456 1780 2497 209,
