<?xml version="1.0" encoding="UTF-8"?>
<!DOCTYPE html PUBLIC "-//W3C//DTD XHTML 1.0 Transitional//EN"
    "http://www.w3.org/TR/xhtml1/DTD/xhtml1-transitional.dtd">
<html xmlns="http://www.w3.org/1999/xhtml" xml:lang="en" lang="en">
 <head>
  <title>
</title>
<meta http-equiv="Content-Type" content="text/html;charset=utf-8" />
  <meta name='ocr-system' content='tesseract 3.04.00' />
  <meta name='ocr-capabilities' content='ocr_page ocr_carea ocr_par ocr_line ocrx_word'/>
</head>
<body>
  <div class='ocr_page' id='page_1' title='image "./operagraeceetlat04luciuoft/operagraeceetlat04luciuoft_0555.png"; bbox 0 0 1768 3185; ppageno 0'>
   <div class='ocr_carea' id='block_1_1' title="bbox 189 274 1309 352">
    <p class='ocr_par' dir='ltr' id='par_1_1' title="bbox 189 274 1309 352">
     <span class='ocr_line' id='line_1_1' title="bbox 189 274 1309 352; baseline 0.005 -28"><span class='ocrx_word' id='word_1_1' title='bbox 189 274 260 324; x_wconf 84' lang='lat' dir='ltr'>IN</span> <span class='ocrx_word' id='word_1_2' title='bbox 293 277 503 325; x_wconf 80' lang='lat' dir='ltr'><strong>VERAE</strong></span> <span class='ocrx_word' id='word_1_3' title='bbox 538 276 888 325; x_wconf 77' lang='lat' dir='ltr'>HISTORIAE</span> <span class='ocrx_word' id='word_1_4' title='bbox 923 279 1037 325; x_wconf 78' lang='grc' dir='ltr'>ΠΒ.</span> <span class='ocrx_word' id='word_1_5' title='bbox 1073 283 1108 328; x_wconf 87' lang='grc' dir='ltr'>Ι.</span> <span class='ocrx_word' id='word_1_6' title='bbox 1217 302 1309 352; x_wconf 85' lang='lat'>547</span> 
     </span>
    </p>
   </div>
   <div class='ocr_carea' id='block_1_2' title="bbox 0 359 1317 2581">
    <p class='ocr_par' dir='ltr' id='par_1_2' title="bbox 23 359 1311 420">
     <span class='ocr_line' id='line_1_2' title="bbox 23 359 1311 420; baseline 0.003 -12"><span class='ocrx_word' id='word_1_7' title='bbox 23 359 121 408; x_wconf 55' lang='lat' dir='ltr'>Qum</span> <span class='ocrx_word' id='word_1_8' title='bbox 138 364 182 406; x_wconf 85' lang='lat' dir='ltr'>fit</span> <span class='ocrx_word' id='word_1_9' title='bbox 198 365 450 414; x_wconf 89' lang='lat' dir='ltr'>vertendum,</span> <span class='ocrx_word' id='word_1_10' title='bbox 467 382 490 405; x_wconf 88' lang='lat' dir='ltr'><em>a</em></span> <span class='ocrx_word' id='word_1_11' title='bbox 503 365 686 420; x_wconf 81' lang='lat' dir='ltr'>principio,</span> <span class='ocrx_word' id='word_1_12' title='bbox 697 376 743 406; x_wconf 91' lang='lat' dir='ltr'>ut</span> <span class='ocrx_word' id='word_1_13' title='bbox 761 365 830 406; x_wconf 92' lang='lat' dir='ltr'>suo</span> <span class='ocrx_word' id='word_1_14' title='bbox 848 366 940 406; x_wconf 89' lang='lat' dir='ltr'>loco</span> <span class='ocrx_word' id='word_1_15' title='bbox 958 366 1149 408; x_wconf 85' lang='lat' dir='ltr'>indicabo.</span> <span class='ocrx_word' id='word_1_16' title='bbox 1162 370 1311 418; x_wconf 73' lang='lat' dir='ltr'>Rmrz,</span> 
     </span>
    </p>

    <p class='ocr_par' dir='ltr' id='par_1_3' title="bbox 22 416 1317 947">
     <span class='ocr_line' id='line_1_3' title="bbox 83 416 1309 477; baseline 0.004 -17"><span class='ocrx_word' id='word_1_17' title='bbox 83 422 159 460; x_wconf 86' lang='lat' dir='ltr'>ead.</span> <span class='ocrx_word' id='word_1_18' title='bbox 180 421 203 459; x_wconf 91' lang='lat' dir='ltr'>I.</span> <span class='ocrx_word' id='word_1_19' title='bbox 226 433 286 461; x_wconf 89' lang='lat'>11.</span> <span class='ocrx_word' id='word_1_20' title='bbox 303 416 444 473; x_wconf 76' lang='grc' dir='ltr'><em>Οὗρίῳ)</em></span> <span class='ocrx_word' id='word_1_21' title='bbox 467 420 560 459; x_wconf 92' lang='lat' dir='ltr'>Non</span> <span class='ocrx_word' id='word_1_22' title='bbox 581 421 864 460; x_wconf 86' lang='lat' dir='ltr'>contemnenda</span> <span class='ocrx_word' id='word_1_23' title='bbox 891 420 1030 460; x_wconf 80' lang='lat' dir='ltr'>Aldina</span> <span class='ocrx_word' id='word_1_24' title='bbox 1051 422 1169 463; x_wconf 72' lang='lat' dir='ltr'>leffio</span> <span class='ocrx_word' id='word_1_25' title='bbox 1194 425 1309 477; x_wconf 76' lang='grc' dir='ltr'><em>εὕρω,</em></span> 
     </span>
     <span class='ocr_line' id='line_1_4' title="bbox 22 468 1309 528; baseline 0.004 -15"><span class='ocrx_word' id='word_1_26' title='bbox 22 487 145 528; x_wconf 78' lang='lat' dir='ltr'>quam</span> <span class='ocrx_word' id='word_1_27' title='bbox 159 487 228 514; x_wconf 88' lang='lat' dir='ltr'>cur</span> <span class='ocrx_word' id='word_1_28' title='bbox 242 472 473 513; x_wconf 79' lang='lat' dir='ltr'>deseruerint</span> <span class='ocrx_word' id='word_1_29' title='bbox 483 505 495 523; x_wconf 86' lang='lat'>,</span> <span class='ocrx_word' id='word_1_30' title='bbox 515 474 583 527; x_wconf 92' lang='lat' dir='ltr'>qui</span> <span class='ocrx_word' id='word_1_31' title='bbox 598 473 702 527; x_wconf 88' lang='lat' dir='ltr'>sequi</span> <span class='ocrx_word' id='word_1_32' title='bbox 715 476 804 514; x_wconf 80' lang='lat' dir='ltr'>alias</span> <span class='ocrx_word' id='word_1_33' title='bbox 818 474 941 528; x_wconf 79' lang='lat' dir='ltr'>preffo</span> <span class='ocrx_word' id='word_1_34' title='bbox 954 476 1048 528; x_wconf 88' lang='lat' dir='ltr'>pede</span> <span class='ocrx_word' id='word_1_35' title='bbox 1063 476 1209 524; x_wconf 87' lang='lat' dir='ltr'>solent,</span> <span class='ocrx_word' id='word_1_36' title='bbox 1227 468 1309 522; x_wconf 79' lang='lat' dir='ltr'>non</span> 
     </span>
     <span class='ocr_line' id='line_1_5' title="bbox 26 526 1309 579; baseline 0.003 -11"><span class='ocrx_word' id='word_1_37' title='bbox 26 529 157 569; x_wconf 72' lang='lat' dir='ltr'>video.</span> <span class='ocrx_word' id='word_1_38' title='bbox 167 527 286 568; x_wconf 88' lang='lat' dir='ltr'>Certe</span> <span class='ocrx_word' id='word_1_39' title='bbox 303 528 411 568; x_wconf 87' lang='lat' dir='ltr'>Euro</span> <span class='ocrx_word' id='word_1_40' title='bbox 423 540 525 579; x_wconf 88' lang='lat' dir='ltr'>opus</span> <span class='ocrx_word' id='word_1_41' title='bbox 539 526 613 568; x_wconf 85' lang='lat' dir='ltr'>effe</span> <span class='ocrx_word' id='word_1_42' title='bbox 634 530 679 568; x_wconf 91' lang='lat' dir='ltr'>de</span> <span class='ocrx_word' id='word_1_43' title='bbox 700 529 897 568; x_wconf 89' lang='lat' dir='ltr'>Herculeo</span> <span class='ocrx_word' id='word_1_44' title='bbox 912 528 1014 569; x_wconf 86' lang='lat' dir='ltr'>freto</span> <span class='ocrx_word' id='word_1_45' title='bbox 1027 530 1231 571; x_wconf 79' lang='lat' dir='ltr'>Oceanum</span> <span class='ocrx_word' id='word_1_46' title='bbox 1248 535 1309 573; x_wconf 89' lang='lat' dir='ltr'>in-</span> 
     </span>
     <span class='ocr_line' id='line_1_6' title="bbox 25 580 1317 635; baseline 0.005 -13"><span class='ocrx_word' id='word_1_47' title='bbox 25 583 237 628; x_wconf 78' lang='lat' dir='ltr'>trantibus,</span> <span class='ocrx_word' id='word_1_48' title='bbox 258 581 417 622; x_wconf 84' lang='lat' dir='ltr'>constat.</span> <span class='ocrx_word' id='word_1_49' title='bbox 441 582 622 635; x_wconf 84' lang='lat' dir='ltr'>Sequitur</span> <span class='ocrx_word' id='word_1_50' title='bbox 643 595 738 621; x_wconf 86' lang='lat' dir='ltr'>mox</span> <span class='ocrx_word' id='word_1_51' title='bbox 759 580 860 635; x_wconf 73' lang='grc' dir='ltr'><em>οὗρίῳ</em></span> <span class='ocrx_word' id='word_1_52' title='bbox 879 583 1017 633; x_wconf 74' lang='grc' dir='ltr'><em>ἀνέμῳ,</em></span> <span class='ocrx_word' id='word_1_53' title='bbox 1038 586 1138 625; x_wconf 88' lang='lat' dir='ltr'>unde</span> <span class='ocrx_word' id='word_1_54' title='bbox 1160 586 1234 628; x_wconf 84' lang='lat' dir='ltr'>huc</span> <span class='ocrx_word' id='word_1_55' title='bbox 1252 587 1317 628; x_wconf 60' lang='lat' dir='ltr'>as-a</span> 
     </span>
     <span class='ocr_line' id='line_1_7' title="bbox 24 633 1308 691; baseline 0.005 -15"><span class='ocrx_word' id='word_1_56' title='bbox 24 635 198 676; x_wconf 75' lang='lat' dir='ltr'>&#39;sumtum</span> <span class='ocrx_word' id='word_1_57' title='bbox 213 636 333 675; x_wconf 89' lang='lat' dir='ltr'>videri</span> <span class='ocrx_word' id='word_1_58' title='bbox 348 635 482 689; x_wconf 89' lang='lat' dir='ltr'>potest.</span> <span class='ocrx_word' id='word_1_59' title='bbox 498 636 624 676; x_wconf 73' lang='lat' dir='ltr'><strong>GESN.</strong></span> <span class='ocrx_word' id='word_1_60' title='bbox 642 633 757 688; x_wconf 76' lang='grc' dir='ltr'><em>Οὗρίῳ</em></span> <span class='ocrx_word' id='word_1_61' title='bbox 770 637 908 676; x_wconf 88' lang='lat' dir='ltr'>Aldina</span> <span class='ocrx_word' id='word_1_62' title='bbox 922 638 1044 689; x_wconf 74' lang='lat' dir='ltr'>prima</span> <span class='ocrx_word' id='word_1_63' title='bbox 1057 652 1179 691; x_wconf 88' lang='lat' dir='ltr'>aeque</span> <span class='ocrx_word' id='word_1_64' title='bbox 1192 641 1308 682; x_wconf 84' lang='lat' dir='ltr'>habet</span> 
     </span>
     <span class='ocr_line' id='line_1_8' title="bbox 22 689 1309 744; baseline 0.005 -14"><span class='ocrx_word' id='word_1_65' title='bbox 22 703 73 730; x_wconf 88' lang='lat' dir='ltr'>-ac</span> <span class='ocrx_word' id='word_1_66' title='bbox 87 689 272 744; x_wconf 86' lang='lat' dir='ltr'>reliquae.</span> <span class='ocrx_word' id='word_1_67' title='bbox 295 691 398 730; x_wconf 89' lang='lat' dir='ltr'>Hinc</span> <span class='ocrx_word' id='word_1_68' title='bbox 421 689 524 742; x_wconf 80' lang='grc' dir='ltr'><em>εὔρῳ,</em></span> <span class='ocrx_word' id='word_1_69' title='bbox 545 691 650 744; x_wconf 92' lang='lat' dir='ltr'>quod</span> <span class='ocrx_word' id='word_1_70' title='bbox 672 690 788 731; x_wconf 84' lang='lat' dir='ltr'>Gesn.</span> <span class='ocrx_word' id='word_1_71' title='bbox 812 692 863 730; x_wconf 85' lang='lat' dir='ltr'>ait</span> <span class='ocrx_word' id='word_1_72' title='bbox 876 691 1057 730; x_wconf 87' lang='lat' dir='ltr'>Aldinam</span> <span class='ocrx_word' id='word_1_73' title='bbox 1079 692 1154 733; x_wconf 83' lang='lat' dir='ltr'>ess&#39;e</span> <span class='ocrx_word' id='word_1_74' title='bbox 1175 694 1309 736; x_wconf 72' lang='lat' dir='ltr'>leffio·</span> 
     </span>
     <span class='ocr_line' id='line_1_9' title="bbox 25 743 1309 800; baseline 0.004 -16"><span class='ocrx_word' id='word_1_75' title='bbox 25 757 136 793; x_wconf 87' lang='lat' dir='ltr'>nem,</span> <span class='ocrx_word' id='word_1_76' title='bbox 151 743 280 784; x_wconf 87' lang='lat' dir='ltr'>forsan</span> <span class='ocrx_word' id='word_1_77' title='bbox 293 743 365 783; x_wconf 89' lang='lat' dir='ltr'>erit</span> <span class='ocrx_word' id='word_1_78' title='bbox 382 757 431 784; x_wconf 81' lang='lat' dir='ltr'>ex</span> <span class='ocrx_word' id='word_1_79' title='bbox 451 745 539 783; x_wconf 73' lang='grc' dir='ltr'><em>Αἶά.</em></span> <span class='ocrx_word' id='word_1_80' title='bbox 555 758 588 784; x_wconf 89' lang='lat'>2.</span> <span class='ocrx_word' id='word_1_81' title='bbox 611 744 737 797; x_wconf 89' lang='lat' dir='ltr'>Quod</span> <span class='ocrx_word' id='word_1_82' title='bbox 751 745 958 797; x_wconf 82' lang='lat' dir='ltr'>reciperem</span> <span class='ocrx_word' id='word_1_83' title='bbox 972 776 985 792; x_wconf 94' lang='lat'><em>,</em></span> <span class='ocrx_word' id='word_1_84' title='bbox 999 745 1027 784; x_wconf 87' lang='lat' dir='ltr'><strong>fi</strong></span> <span class='ocrx_word' id='word_1_85' title='bbox 1040 747 1081 786; x_wconf 75' lang='grc' dir='ltr'>δι</span> <span class='ocrx_word' id='word_1_86' title='bbox 1098 748 1221 800; x_wconf 85' lang='lat' dir='ltr'>prima</span> <span class='ocrx_word' id='word_1_87' title='bbox 1241 750 1309 790; x_wconf 87' lang='lat' dir='ltr'>ha-</span> 
     </span>
     <span class='ocr_line' id='line_1_10' title="bbox 25 797 1309 851; baseline 0.004 -13"><span class='ocrx_word' id='word_1_88' title='bbox 25 798 148 838; x_wconf 83' lang='lat' dir='ltr'>beret.</span> <span class='ocrx_word' id='word_1_89' title='bbox 163 798 236 839; x_wconf 85' lang='lat' dir='ltr'>Sed</span> <span class='ocrx_word' id='word_1_90' title='bbox 259 797 383 851; x_wconf 87' lang='lat' dir='ltr'>potest</span> <span class='ocrx_word' id='word_1_91' title='bbox 397 799 517 851; x_wconf 88' lang='lat' dir='ltr'>recipi</span> <span class='ocrx_word' id='word_1_92' title='bbox 540 798 663 838; x_wconf 87' lang='lat' dir='ltr'>altero</span> <span class='ocrx_word' id='word_1_93' title='bbox 681 799 771 839; x_wconf 91' lang='lat' dir='ltr'>loco</span> <span class='ocrx_word' id='word_1_94' title='bbox 784 829 797 846; x_wconf 90' lang='lat'>‚</span> <span class='ocrx_word' id='word_1_95' title='bbox 816 799 883 838; x_wconf 75' lang='lat' dir='ltr'>ubi</span> <span class='ocrx_word' id='word_1_96' title='bbox 901 799 979 839; x_wconf 87' lang='lat' dir='ltr'>duo</span> <span class='ocrx_word' id='word_1_97' title='bbox 994 799 1117 841; x_wconf 74' lang='lat' dir='ltr'>codd,</span> <span class='ocrx_word' id='word_1_98' title='bbox 1134 800 1219 851; x_wconf 79' lang='grc' dir='ltr'><em>εὔρῳ</em></span> <span class='ocrx_word' id='word_1_99' title='bbox 1237 803 1309 844; x_wconf 91' lang='lat' dir='ltr'>ha-</span> 
     </span>
     <span class='ocr_line' id='line_1_11' title="bbox 23 848 1309 947; baseline 0.006 -55"><span class='ocrx_word' id='word_1_100' title='bbox 23 848 132 947; x_wconf 45' lang='lat' dir='ltr'><strong>Rem·</strong></span> <span class='ocrx_word' id='word_1_101' title='bbox 158 853 251 893; x_wconf 94' lang='lat' dir='ltr'>Non</span> <span class='ocrx_word' id='word_1_102' title='bbox 267 864 398 892; x_wconf 88' lang='lat' dir='ltr'>tamen</span> <span class='ocrx_word' id='word_1_103' title='bbox 420 852 530 892; x_wconf 88' lang='lat' dir='ltr'>movi</span> <span class='ocrx_word' id='word_1_104' title='bbox 553 852 773 906; x_wconf 84' lang='lat' dir='ltr'>vulgatam,</span> <span class='ocrx_word' id='word_1_105' title='bbox 794 853 883 906; x_wconf 83' lang='lat' dir='ltr'>quia</span> <span class='ocrx_word' id='word_1_106' title='bbox 898 866 978 893; x_wconf 93' lang='lat' dir='ltr'>non</span> <span class='ocrx_word' id='word_1_107' title='bbox 993 855 1120 908; x_wconf 82' lang='lat' dir='ltr'>magni</span> <span class='ocrx_word' id='word_1_108' title='bbox 1141 856 1309 900; x_wconf 83' lang='lat' dir='ltr'>interest.</span> 
     </span>
    </p>

    <p class='ocr_par' dir='ltr' id='par_1_4' title="bbox 67 915 583 946">
     <span class='ocr_line' id='line_1_12' title="bbox 67 915 583 946; baseline 0 0"><span class='ocrx_word' id='word_1_109' title='bbox 67 917 173 946; x_wconf 71' lang='lat' dir='ltr'>13th.</span> <span class='ocrx_word' id='word_1_110' title='bbox 580 915 583 918; x_wconf 73' lang='grc'>’</span> 
     </span>
    </p>

    <p class='ocr_par' dir='ltr' id='par_1_5' title="bbox 25 958 1305 1123">
     <span class='ocr_line' id='line_1_13' title="bbox 80 958 1305 1016; baseline 0.005 -17"><span class='ocrx_word' id='word_1_111' title='bbox 80 964 156 1000; x_wconf 84' lang='lat' dir='ltr'>ead.</span> <span class='ocrx_word' id='word_1_112' title='bbox 170 961 195 999; x_wconf 92' lang='lat' dir='ltr'>l.</span> <span class='ocrx_word' id='word_1_113' title='bbox 213 960 271 1000; x_wconf 89' lang='lat'>16.</span> <span class='ocrx_word' id='word_1_114' title='bbox 285 959 516 1011; x_wconf 73' lang='grc' dir='ltr'>Πάμπολλα,</span> <span class='ocrx_word' id='word_1_115' title='bbox 534 958 626 1013; x_wconf 86' lang='grc' dir='ltr'>μὲν)</span> <span class='ocrx_word' id='word_1_116' title='bbox 648 959 722 1000; x_wconf 85' lang='grc' dir='ltr'>Μὲν</span> <span class='ocrx_word' id='word_1_117' title='bbox 737 960 840 1000; x_wconf 87' lang='lat' dir='ltr'>abest</span> <span class='ocrx_word' id='word_1_118' title='bbox 854 961 902 999; x_wconf 87' lang='lat' dir='ltr'>ab</span> <span class='ocrx_word' id='word_1_119' title='bbox 922 961 1004 1001; x_wconf 87' lang='lat' dir='ltr'>edd.</span> <span class='ocrx_word' id='word_1_120' title='bbox 1031 961 1116 1001; x_wconf 89' lang='lat' dir='ltr'>Nos</span> <span class='ocrx_word' id='word_1_121' title='bbox 1130 964 1305 1016; x_wconf 85' lang='lat' dir='ltr'>reposui-</span> 
     </span>
     <span class='ocr_line' id='line_1_14' title="bbox 25 1014 1304 1068; baseline 0.004 -14"><span class='ocrx_word' id='word_1_122' title='bbox 25 1027 112 1055; x_wconf 87' lang='lat' dir='ltr'>mus</span> <span class='ocrx_word' id='word_1_123' title='bbox 131 1028 179 1054; x_wconf 88' lang='lat' dir='ltr'>ex</span> <span class='ocrx_word' id='word_1_124' title='bbox 195 1015 280 1054; x_wconf 71' lang='grc' dir='ltr'>ΜΠ.</span> <span class='ocrx_word' id='word_1_125' title='bbox 295 1014 420 1067; x_wconf 83' lang='lat' dir='ltr'>Regg.</span> <span class='ocrx_word' id='word_1_126' title='bbox 446 1028 550 1067; x_wconf 85' lang='lat'>2954</span> <span class='ocrx_word' id='word_1_127' title='bbox 571 1015 613 1054; x_wconf 74' lang='grc' dir='ltr'>δι</span> <span class='ocrx_word' id='word_1_128' title='bbox 630 1028 746 1068; x_wconf 84' lang='lat'>3011,</span> <span class='ocrx_word' id='word_1_129' title='bbox 762 1024 947 1055; x_wconf 87' lang='lat' dir='ltr'>monente</span> <span class='ocrx_word' id='word_1_130' title='bbox 967 1015 1011 1055; x_wconf 93' lang='lat' dir='ltr'>cl.</span> <span class='ocrx_word' id='word_1_131' title='bbox 1033 1017 1077 1056; x_wconf 92' lang='grc' dir='ltr'>Β.</span> <span class='ocrx_word' id='word_1_132' title='bbox 1102 1017 1148 1057; x_wconf 89' lang='lat' dir='ltr'>de</span> <span class='ocrx_word' id='word_1_133' title='bbox 1165 1018 1275 1059; x_wconf 86' lang='lat' dir='ltr'>Ballu</span> <span class='ocrx_word' id='word_1_134' title='bbox 1288 1051 1304 1067; x_wconf 91' lang='lat'>,</span> 
     </span>
     <span class='ocr_line' id='line_1_15' title="bbox 26 1065 924 1123; baseline -0.001 -14"><span class='ocrx_word' id='word_1_135' title='bbox 26 1081 186 1123; x_wconf 86' lang='lat' dir='ltr'>propter</span> <span class='ocrx_word' id='word_1_136' title='bbox 201 1068 362 1122; x_wconf 87' lang='lat' dir='ltr'>sequens</span> <span class='ocrx_word' id='word_1_137' title='bbox 376 1068 421 1108; x_wconf 53' lang='grc' dir='ltr'>ἑὲ</span> <span class='ocrx_word' id='word_1_138' title='bbox 432 1098 444 1115; x_wconf 86' lang='grc'><strong><em>,</em></strong></span> <span class='ocrx_word' id='word_1_139' title='bbox 463 1091 508 1098; x_wconf 92' lang='grc'>-</span> <span class='ocrx_word' id='word_1_140' title='bbox 525 1067 647 1108; x_wconf 63' lang='grc' dir='ltr'>ἱκανὸν</span> <span class='ocrx_word' id='word_1_141' title='bbox 661 1073 721 1108; x_wconf 84' lang='grc' dir='ltr'>ΔΕ</span> <span class='ocrx_word' id='word_1_142' title='bbox 733 1069 799 1108; x_wconf 73' lang='grc' dir='ltr'>καὶ</span> <span class='ocrx_word' id='word_1_143' title='bbox 814 1065 924 1119; x_wconf 54' lang='grc' dir='ltr'><em>ὕδωρ.</em></span> 
     </span>
    </p>

    <p class='ocr_par' dir='ltr' id='par_1_6' title="bbox 27 1118 1303 1225">
     <span class='ocr_line' id='line_1_16' title="bbox 78 1118 1303 1177; baseline 0.006 -17"><span class='ocrx_word' id='word_1_144' title='bbox 78 1123 170 1177; x_wconf 81' lang='lat' dir='ltr'><em>Pag.</em></span> <span class='ocrx_word' id='word_1_145' title='bbox 185 1138 273 1176; x_wconf 84' lang='lat'>223.</span> <span class='ocrx_word' id='word_1_146' title='bbox 289 1124 313 1160; x_wconf 89' lang='lat' dir='ltr'>l.</span> <span class='ocrx_word' id='word_1_147' title='bbox 333 1136 364 1173; x_wconf 82' lang='grc' dir='ltr'>ς.</span> <span class='ocrx_word' id='word_1_148' title='bbox 375 1118 558 1174; x_wconf 64' lang='grc' dir='ltr'>Ἄκαστος)</span> <span class='ocrx_word' id='word_1_149' title='bbox 573 1122 814 1162; x_wconf 81' lang='lat' dir='ltr'>praedonum</span> <span class='ocrx_word' id='word_1_150' title='bbox 829 1124 945 1162; x_wconf 85' lang='lat' dir='ltr'>etiam</span> <span class='ocrx_word' id='word_1_151' title='bbox 962 1121 1036 1163; x_wconf 81' lang='lat' dir='ltr'>esse</span> <span class='ocrx_word' id='word_1_152' title='bbox 1049 1124 1200 1171; x_wconf 87' lang='lat' dir='ltr'>Acatia,</span> <span class='ocrx_word' id='word_1_153' title='bbox 1222 1125 1303 1168; x_wconf 85' lang='lat' dir='ltr'>sive</span> 
     </span>
     <span class='ocr_line' id='line_1_17' title="bbox 27 1174 1193 1225; baseline 0.001 -8"><span class='ocrx_word' id='word_1_154' title='bbox 27 1176 182 1218; x_wconf 86' lang='lat' dir='ltr'>Acatos</span> <span class='ocrx_word' id='word_1_155' title='bbox 193 1206 203 1225; x_wconf 87' lang='lat'><strong>‚</strong></span> <span class='ocrx_word' id='word_1_156' title='bbox 219 1174 439 1216; x_wconf 85' lang='lat' dir='ltr'>Schefferus</span> <span class='ocrx_word' id='word_1_157' title='bbox 454 1189 476 1216; x_wconf 89' lang='lat' dir='ltr'>e</span> <span class='ocrx_word' id='word_1_158' title='bbox 490 1176 680 1216; x_wconf 85' lang='lat' dir='ltr'>Strabone</span> <span class='ocrx_word' id='word_1_159' title='bbox 694 1177 845 1217; x_wconf 84' lang='lat' dir='ltr'>docebit</span> <span class='ocrx_word' id='word_1_160' title='bbox 857 1177 1044 1217; x_wconf 83' lang='lat' dir='ltr'>volentes.</span> <span class='ocrx_word' id='word_1_161' title='bbox 1063 1179 1193 1219; x_wconf 21' lang='lat' dir='ltr'>thsN.</span> 
     </span>
    </p>

    <p class='ocr_par' dir='ltr' id='par_1_7' title="bbox 20 1227 1305 1340">
     <span class='ocr_line' id='line_1_18' title="bbox 81 1227 1305 1287; baseline 0.004 -17"><span class='ocrx_word' id='word_1_162' title='bbox 81 1234 155 1271; x_wconf 87' lang='lat' dir='ltr'>ead.</span> <span class='ocrx_word' id='word_1_163' title='bbox 174 1232 197 1270; x_wconf 89' lang='lat' dir='ltr'>I.</span> <span class='ocrx_word' id='word_1_164' title='bbox 209 1245 247 1281; x_wconf 84' lang='lat'>7.</span> <span class='ocrx_word' id='word_1_165' title='bbox 265 1227 398 1283; x_wconf 79' lang='grc' dir='ltr'><em>Οὗρίῳ)</em></span> <span class='ocrx_word' id='word_1_166' title='bbox 411 1230 449 1270; x_wconf 90' lang='grc' dir='ltr'>Ρ.</span> <span class='ocrx_word' id='word_1_167' title='bbox 462 1231 503 1270; x_wconf 95' lang='lat' dir='ltr'>L.</span> <span class='ocrx_word' id='word_1_168' title='bbox 521 1229 626 1283; x_wconf 78' lang='grc' dir='ltr'><em>εὔρῳ,</em></span> <span class='ocrx_word' id='word_1_169' title='bbox 637 1233 744 1284; x_wconf 91' lang='lat' dir='ltr'>quod</span> <span class='ocrx_word' id='word_1_170' title='bbox 756 1232 893 1271; x_wconf 90' lang='lat' dir='ltr'>eodem</span> <span class='ocrx_word' id='word_1_171' title='bbox 909 1232 1017 1282; x_wconf 89' lang='lat' dir='ltr'>redit,</span> <span class='ocrx_word' id='word_1_172' title='bbox 1029 1233 1207 1287; x_wconf 84' lang='lat' dir='ltr'>adeoque</span> <span class='ocrx_word' id='word_1_173' title='bbox 1220 1235 1305 1275; x_wconf 88' lang='lat' dir='ltr'>vul-</span> 
     </span>
     <span class='ocr_line' id='line_1_19' title="bbox 20 1283 594 1340; baseline -0.002 -15"><span class='ocrx_word' id='word_1_174' title='bbox 20 1296 153 1340; x_wconf 82' lang='lat' dir='ltr'>gatam</span> <span class='ocrx_word' id='word_1_175' title='bbox 165 1283 418 1325; x_wconf 86' lang='lat' dir='ltr'>servavimus.</span> <span class='ocrx_word' id='word_1_176' title='bbox 434 1284 594 1324; x_wconf 82' lang='lat' dir='ltr'>SOLAN.</span> 
     </span>
    </p>

    <p class='ocr_par' dir='ltr' id='par_1_8' title="bbox 19 1337 1304 1498">
     <span class='ocr_line' id='line_1_20' title="bbox 79 1337 1304 1395; baseline 0.003 -16"><span class='ocrx_word' id='word_1_177' title='bbox 79 1341 154 1379; x_wconf 87' lang='lat' dir='ltr'>ead.</span> <span class='ocrx_word' id='word_1_178' title='bbox 166 1340 190 1379; x_wconf 87' lang='lat' dir='ltr'>l.</span> <span class='ocrx_word' id='word_1_179' title='bbox 204 1353 239 1392; x_wconf 92' lang='lat'>9.</span> <span class='ocrx_word' id='word_1_180' title='bbox 257 1337 485 1392; x_wconf 59' lang='grc' dir='ltr'>Ἐπεέίέου)</span> <span class='ocrx_word' id='word_1_181' title='bbox 505 1339 574 1378; x_wconf 87' lang='lat' dir='ltr'>Vis</span> <span class='ocrx_word' id='word_1_182' title='bbox 587 1339 696 1378; x_wconf 90' lang='lat' dir='ltr'>verbi</span> <span class='ocrx_word' id='word_1_183' title='bbox 711 1352 760 1379; x_wconf 84' lang='lat' dir='ltr'>ex</span> <span class='ocrx_word' id='word_1_184' title='bbox 773 1337 955 1393; x_wconf 80' lang='lat' dir='ltr'>opposito</span> <span class='ocrx_word' id='word_1_185' title='bbox 972 1339 1164 1380; x_wconf 48' lang='lat' dir='ltr'>eusdem</span> <span class='ocrx_word' id='word_1_186' title='bbox 1184 1343 1304 1395; x_wconf 89' lang='lat' dir='ltr'>magis</span> 
     </span>
     <span class='ocr_line' id='line_1_21' title="bbox 19 1393 1302 1450; baseline 0.002 -16"><span class='ocrx_word' id='word_1_187' title='bbox 19 1393 175 1442; x_wconf 88' lang='lat' dir='ltr'>·elucet;</span> <span class='ocrx_word' id='word_1_188' title='bbox 189 1393 269 1432; x_wconf 91' lang='lat' dir='ltr'>vid.</span> <span class='ocrx_word' id='word_1_189' title='bbox 285 1403 497 1446; x_wconf 87' lang='lat' dir='ltr'>utrumque</span> <span class='ocrx_word' id='word_1_190' title='bbox 512 1394 646 1447; x_wconf 88' lang='lat' dir='ltr'>paucis</span> <span class='ocrx_word' id='word_1_191' title='bbox 661 1393 880 1448; x_wconf 82' lang='lat' dir='ltr'>expositum</span> <span class='ocrx_word' id='word_1_192' title='bbox 894 1393 1008 1447; x_wconf 87' lang='lat' dir='ltr'>supra</span> <span class='ocrx_word' id='word_1_193' title='bbox 1022 1396 1202 1436; x_wconf 86' lang='lat' dir='ltr'>Hermot.</span> <span class='ocrx_word' id='word_1_194' title='bbox 1218 1410 1302 1450; x_wconf 88' lang='lat' dir='ltr'>cap.</span> 
     </span>
     <span class='ocr_line' id='line_1_22' title="bbox 23 1447 984 1498; baseline -0.001 -10"><span class='ocrx_word' id='word_1_195' title='bbox 23 1459 89 1498; x_wconf 56' lang='lat'><strong>¹24.</strong></span> <span class='ocrx_word' id='word_1_196' title='bbox 106 1448 253 1488; x_wconf 75' lang='lat' dir='ltr'>Rnrz.</span> <span class='ocrx_word' id='word_1_197' title='bbox 979 1447 984 1452; x_wconf 85' lang='lat'>&#39;</span> 
     </span>
    </p>

    <p class='ocr_par' dir='ltr' id='par_1_9' title="bbox 0 1500 1304 2581">
     <span class='ocr_line' id='line_1_23' title="bbox 79 1500 1303 1556; baseline 0.003 -15"><span class='ocrx_word' id='word_1_198' title='bbox 79 1505 153 1542; x_wconf 85' lang='lat' dir='ltr'>ead.</span> <span class='ocrx_word' id='word_1_199' title='bbox 166 1504 188 1543; x_wconf 89' lang='lat' dir='ltr'>l.</span> <span class='ocrx_word' id='word_1_200' title='bbox 209 1515 267 1542; x_wconf 86' lang='lat'>10.</span> <span class='ocrx_word' id='word_1_201' title='bbox 280 1500 524 1554; x_wconf 69' lang='grc' dir='ltr'>Ἐπεγίνετο)</span> <span class='ocrx_word' id='word_1_202' title='bbox 540 1500 585 1541; x_wconf 86' lang='lat' dir='ltr'>In</span> <span class='ocrx_word' id='word_1_203' title='bbox 604 1513 723 1541; x_wconf 88' lang='lat' dir='ltr'>verae</span> <span class='ocrx_word' id='word_1_204' title='bbox 745 1501 923 1541; x_wconf 80' lang='lat' dir='ltr'>historiae</span> <span class='ocrx_word' id='word_1_205' title='bbox 945 1501 1044 1543; x_wconf 90' lang='lat' dir='ltr'>libro</span> <span class='ocrx_word' id='word_1_206' title='bbox 1068 1503 1193 1556; x_wconf 87' lang='lat' dir='ltr'>primo</span> <span class='ocrx_word' id='word_1_207' title='bbox 1212 1504 1303 1545; x_wconf 88' lang='lat' dir='ltr'>leve</span> 
     </span>
     <span class='ocr_line' id='line_1_24' title="bbox 22 1553 1304 1610; baseline -0.002 -14"><span class='ocrx_word' id='word_1_208' title='bbox 22 1553 80 1596; x_wconf 88' lang='lat' dir='ltr'>est</span> <span class='ocrx_word' id='word_1_209' title='bbox 95 1556 274 1597; x_wconf 90' lang='lat' dir='ltr'>mendum</span> <span class='ocrx_word' id='word_1_210' title='bbox 285 1586 297 1603; x_wconf 86' lang='lat'>‚</span> <span class='ocrx_word' id='word_1_211' title='bbox 312 1556 420 1609; x_wconf 92' lang='lat' dir='ltr'>quod</span> <span class='ocrx_word' id='word_1_212' title='bbox 439 1569 487 1595; x_wconf 85' lang='lat' dir='ltr'>ex</span> <span class='ocrx_word' id='word_1_213' title='bbox 503 1555 574 1595; x_wconf 89' lang='lat' dir='ltr'>Ms.</span> <span class='ocrx_word' id='word_1_214' title='bbox 590 1556 724 1602; x_wconf 91' lang='lat' dir='ltr'>tolles,</span> <span class='ocrx_word' id='word_1_215' title='bbox 745 1557 807 1595; x_wconf 71' lang='grc' dir='ltr'>καὶ</span> <span class='ocrx_word' id='word_1_216' title='bbox 821 1554 928 1607; x_wconf 75' lang='grc' dir='ltr'>κῦμα.</span> <span class='ocrx_word' id='word_1_217' title='bbox 941 1555 1118 1609; x_wconf 53' lang='lat' dir='ltr'>&amp;videus-ro</span> <span class='ocrx_word' id='word_1_218' title='bbox 1130 1589 1142 1603; x_wconf 93' lang='lat'>‚</span> <span class='ocrx_word' id='word_1_219' title='bbox 1157 1558 1221 1596; x_wconf 74' lang='grc' dir='ltr'>καὶ</span> <span class='ocrx_word' id='word_1_220' title='bbox 1244 1559 1304 1610; x_wconf 73' lang='grc' dir='ltr'>ζό.</span> 
     </span>
     <span class='ocr_line' id='line_1_25' title="bbox 27 1610 1303 1666; baseline 0.002 -17"><span class='ocrx_word' id='word_1_221' title='bbox 27 1623 92 1660; x_wconf 81' lang='grc' dir='ltr'>φος</span> <span class='ocrx_word' id='word_1_222' title='bbox 109 1611 328 1662; x_wconf 64' lang='grc' dir='ltr'><em>ἐπεγίνετο,</em></span> <span class='ocrx_word' id='word_1_223' title='bbox 344 1610 513 1661; x_wconf 69' lang='lat' dir='ltr'>&amp;fluHus</span> <span class='ocrx_word' id='word_1_224' title='bbox 528 1611 704 1656; x_wconf 82' lang='lat' dir='ltr'>intumuit,</span> <span class='ocrx_word' id='word_1_225' title='bbox 716 1610 754 1648; x_wconf 67' lang='grc' dir='ltr'>δ’</span> <span class='ocrx_word' id='word_1_226' title='bbox 769 1611 877 1664; x_wconf 80' lang='lat' dir='ltr'>caligo</span> <span class='ocrx_word' id='word_1_227' title='bbox 891 1622 964 1649; x_wconf 83' lang='lat' dir='ltr'>orta</span> <span class='ocrx_word' id='word_1_228' title='bbox 975 1613 1028 1664; x_wconf 79' lang='lat' dir='ltr'>est.</span> <span class='ocrx_word' id='word_1_229' title='bbox 1042 1612 1177 1664; x_wconf 82' lang='lat' dir='ltr'>Vulgo</span> <span class='ocrx_word' id='word_1_230' title='bbox 1192 1613 1303 1666; x_wconf 61' lang='lat' dir='ltr'>{ve-yi-</span> 
     </span>
     <span class='ocr_line' id='line_1_26' title="bbox 22 1662 1302 1717; baseline 0.001 -13"><span class='ocrx_word' id='word_1_231' title='bbox 22 1677 157 1717; x_wconf 60' lang='grc' dir='ltr'><strong><em>γνετο.</em></strong></span> <span class='ocrx_word' id='word_1_232' title='bbox 170 1665 342 1705; x_wconf 74' lang='lat' dir='ltr'>GRAEv.</span> <span class='ocrx_word' id='word_1_233' title='bbox 353 1663 598 1717; x_wconf 72' lang='grc' dir='ltr'>Ἐπεγένετο)</span> <span class='ocrx_word' id='word_1_234' title='bbox 611 1664 739 1704; x_wconf 89' lang='lat' dir='ltr'>Secuti</span> <span class='ocrx_word' id='word_1_235' title='bbox 750 1662 879 1703; x_wconf 88' lang='lat' dir='ltr'>sumus</span> <span class='ocrx_word' id='word_1_236' title='bbox 888 1663 960 1703; x_wconf 94' lang='lat' dir='ltr'>Ms.</span> <span class='ocrx_word' id='word_1_237' title='bbox 973 1664 1043 1705; x_wconf 89' lang='lat' dir='ltr'>Gr.</span> <span class='ocrx_word' id='word_1_238' title='bbox 1059 1678 1145 1705; x_wconf 89' lang='lat' dir='ltr'>cum</span> <span class='ocrx_word' id='word_1_239' title='bbox 1162 1666 1302 1706; x_wconf 83' lang='lat' dir='ltr'>levius-</span> 
     </span>
     <span class='ocr_line' id='line_1_27' title="bbox 25 1717 1302 1768; baseline 0.001 -10"><span class='ocrx_word' id='word_1_240' title='bbox 25 1717 134 1768; x_wconf 84' lang='lat' dir='ltr'>cula‚</span> <span class='ocrx_word' id='word_1_241' title='bbox 158 1730 200 1759; x_wconf 90' lang='lat' dir='ltr'>ut</span> <span class='ocrx_word' id='word_1_242' title='bbox 218 1719 345 1765; x_wconf 90' lang='lat' dir='ltr'>vides,</span> <span class='ocrx_word' id='word_1_243' title='bbox 362 1718 589 1758; x_wconf 88' lang='lat' dir='ltr'>mutatione.</span> <span class='ocrx_word' id='word_1_244' title='bbox 612 1718 678 1758; x_wconf 87' lang='lat' dir='ltr'>Ed.</span> <span class='ocrx_word' id='word_1_245' title='bbox 699 1718 792 1757; x_wconf 82' lang='lat' dir='ltr'>lunt.</span> <span class='ocrx_word' id='word_1_246' title='bbox 815 1730 907 1757; x_wconf 91' lang='lat' dir='ltr'>cum</span> <span class='ocrx_word' id='word_1_247' title='bbox 929 1719 1008 1758; x_wconf 82' lang='lat' dir='ltr'>aliis</span> <span class='ocrx_word' id='word_1_248' title='bbox 1025 1718 1086 1759; x_wconf 89' lang='lat' dir='ltr'>hic</span> <span class='ocrx_word' id='word_1_249' title='bbox 1101 1732 1221 1768; x_wconf 80' lang='lat' dir='ltr'>errat3</span> <span class='ocrx_word' id='word_1_250' title='bbox 1240 1719 1302 1760; x_wconf 89' lang='lat' dir='ltr'>sed</span> 
     </span>
     <span class='ocr_line' id='line_1_28' title="bbox 27 1771 1300 1827; baseline 0.002 -15"><span class='ocrx_word' id='word_1_251' title='bbox 27 1771 141 1826; x_wconf 86' lang='lat' dir='ltr'>supra</span> <span class='ocrx_word' id='word_1_252' title='bbox 181 1785 227 1813; x_wconf 91' lang='lat' dir='ltr'>ro</span> <span class='ocrx_word' id='word_1_253' title='bbox 235 1771 433 1822; x_wconf 58' lang='grc' dir='ltr'>ἑπεέίὲου,</span> <span class='ocrx_word' id='word_1_254' title='bbox 445 1772 644 1825; x_wconf 70' lang='grc' dir='ltr'>ἐπεγένετο</span> <span class='ocrx_word' id='word_1_255' title='bbox 661 1771 785 1812; x_wconf 87' lang='lat' dir='ltr'>habet.</span> <span class='ocrx_word' id='word_1_256' title='bbox 798 1771 957 1812; x_wconf 81' lang='lat' dir='ltr'>SOLAN.</span> <span class='ocrx_word' id='word_1_257' title='bbox 967 1773 1066 1813; x_wconf 89' lang='lat' dir='ltr'>Tem</span> <span class='ocrx_word' id='word_1_258' title='bbox 1070 1786 1141 1827; x_wconf 87' lang='lat' dir='ltr'>pus</span> <span class='ocrx_word' id='word_1_259' title='bbox 1152 1775 1201 1813; x_wconf 85' lang='lat' dir='ltr'>im</span> <span class='ocrx_word' id='word_1_260' title='bbox 1206 1773 1300 1827; x_wconf 61' lang='lat' dir='ltr'>perf}</span> 
     </span>
     <span class='ocr_line' id='line_1_29' title="bbox 26 1825 1038 1868; baseline -0.003 -1"><span class='ocrx_word' id='word_1_261' title='bbox 26 1838 76 1867; x_wconf 84' lang='lat' dir='ltr'>ex</span> <span class='ocrx_word' id='word_1_262' title='bbox 90 1827 135 1867; x_wconf 92' lang='lat' dir='ltr'>ed</span> <span class='ocrx_word' id='word_1_263' title='bbox 163 1857 173 1867; x_wconf 86' lang='lat'><strong><em>.</em></strong></span> <span class='ocrx_word' id='word_1_264' title='bbox 188 1826 319 1868; x_wconf 84' lang='lat' dir='ltr'>saltem</span> <span class='ocrx_word' id='word_1_265' title='bbox 331 1826 499 1867; x_wconf 87' lang='lat' dir='ltr'>servavi.</span> <span class='ocrx_word' id='word_1_266' title='bbox 514 1827 662 1866; x_wconf 64' lang='lat' dir='ltr'>Rrrrz.</span> <span class='ocrx_word' id='word_1_267' title='bbox 1029 1825 1038 1836; x_wconf 65' lang='lat'>⁸</span> 
     </span>
     <span class='ocr_line' id='line_1_30' title="bbox 81 1878 1299 1934; baseline 0.001 -14"><span class='ocrx_word' id='word_1_268' title='bbox 81 1883 155 1922; x_wconf 84' lang='lat' dir='ltr'>ead.</span> <span class='ocrx_word' id='word_1_269' title='bbox 169 1882 193 1921; x_wconf 93' lang='lat' dir='ltr'>l.</span> <span class='ocrx_word' id='word_1_270' title='bbox 213 1896 272 1921; x_wconf 84' lang='lat'>12.</span> <span class='ocrx_word' id='word_1_271' title='bbox 297 1878 462 1934; x_wconf 71' lang='grc' dir='ltr'>Αὐτοὺς)</span> <span class='ocrx_word' id='word_1_272' title='bbox 484 1880 608 1921; x_wconf 87' lang='lat' dir='ltr'>Facile</span> <span class='ocrx_word' id='word_1_273' title='bbox 631 1879 827 1933; x_wconf 90' lang='lat' dir='ltr'>obsequor</span> <span class='ocrx_word' id='word_1_274' title='bbox 844 1879 1010 1929; x_wconf 82' lang='lat' dir='ltr'>Solano,</span> <span class='ocrx_word' id='word_1_275' title='bbox 1033 1881 1102 1933; x_wconf 85' lang='lat' dir='ltr'>qui</span> <span class='ocrx_word' id='word_1_276' title='bbox 1127 1879 1299 1933; x_wconf 88' lang='lat' dir='ltr'>spiritum</span> 
     </span>
     <span class='ocr_line' id='line_1_31' title="bbox 0 1933 1301 1986; baseline -0.002 -10"><span class='ocrx_word' id='word_1_277' title='bbox 0 1955 1 1962; x_wconf 22' lang='grc' dir='ltr'><strong>κ</strong></span> <span class='ocrx_word' id='word_1_278' title='bbox 29 1935 238 1976; x_wconf 79' lang='lat' dir='ltr'>editionum</span> <span class='ocrx_word' id='word_1_279' title='bbox 259 1936 383 1975; x_wconf 89' lang='lat' dir='ltr'>lenem</span> <span class='ocrx_word' id='word_1_280' title='bbox 403 1936 596 1983; x_wconf 86' lang='lat' dir='ltr'>correxit,</span> <span class='ocrx_word' id='word_1_281' title='bbox 618 1948 662 1976; x_wconf 90' lang='lat' dir='ltr'>ac</span> <span class='ocrx_word' id='word_1_282' title='bbox 675 1935 855 1986; x_wconf 84' lang='lat' dir='ltr'>deinceps</span> <span class='ocrx_word' id='word_1_283' title='bbox 876 1935 1001 1974; x_wconf 88' lang='lat' dir='ltr'>minus</span> <span class='ocrx_word' id='word_1_284' title='bbox 1018 1933 1213 1983; x_wconf 82' lang='lat' dir='ltr'>sollicitus,</span> <span class='ocrx_word' id='word_1_285' title='bbox 1233 1935 1301 1974; x_wconf 88' lang='lat' dir='ltr'>ubi</span> 
     </span>
     <span class='ocr_line' id='line_1_32' title="bbox 29 1987 1302 2042; baseline -0.001 -12"><span class='ocrx_word' id='word_1_286' title='bbox 29 1989 222 2030; x_wconf 88' lang='lat' dir='ltr'>neceffitas</span> <span class='ocrx_word' id='word_1_287' title='bbox 233 1989 380 2042; x_wconf 85' lang='lat' dir='ltr'>exiget,</span> <span class='ocrx_word' id='word_1_288' title='bbox 395 1989 493 2028; x_wconf 89' lang='lat' dir='ltr'>idem</span> <span class='ocrx_word' id='word_1_289' title='bbox 506 1988 660 2029; x_wconf 86' lang='lat' dir='ltr'>faciam:</span> <span class='ocrx_word' id='word_1_290' title='bbox 679 2002 767 2028; x_wconf 84' lang='lat' dir='ltr'>nam</span> <span class='ocrx_word' id='word_1_291' title='bbox 787 1989 880 2040; x_wconf 88' lang='lat' dir='ltr'>quia</span> <span class='ocrx_word' id='word_1_292' title='bbox 894 1987 1035 2028; x_wconf 90' lang='lat' dir='ltr'>scribae</span> <span class='ocrx_word' id='word_1_293' title='bbox 1051 2002 1122 2041; x_wconf 86' lang='lat' dir='ltr'>pro</span> <span class='ocrx_word' id='word_1_294' title='bbox 1139 1990 1302 2029; x_wconf 88' lang='lat' dir='ltr'>arbitrio</span> 
     </span>
     <span class='ocr_line' id='line_1_33' title="bbox 31 2041 1300 2096; baseline 0 -14"><span class='ocrx_word' id='word_1_295' title='bbox 31 2045 66 2082; x_wconf 89' lang='lat' dir='ltr'>in</span> <span class='ocrx_word' id='word_1_296' title='bbox 91 2043 149 2083; x_wconf 87' lang='lat' dir='ltr'>his</span> <span class='ocrx_word' id='word_1_297' title='bbox 169 2056 300 2096; x_wconf 85' lang='lat' dir='ltr'>egere,</span> <span class='ocrx_word' id='word_1_298' title='bbox 322 2056 410 2083; x_wconf 90' lang='lat' dir='ltr'>cum</span> <span class='ocrx_word' id='word_1_299' title='bbox 432 2043 675 2096; x_wconf 83' lang='lat' dir='ltr'>antiquiffimi</span> <span class='ocrx_word' id='word_1_300' title='bbox 696 2041 861 2082; x_wconf 86' lang='lat' dir='ltr'>Codices</span> <span class='ocrx_word' id='word_1_301' title='bbox 882 2041 1030 2095; x_wconf 84' lang='lat' dir='ltr'>spiritus</span> <span class='ocrx_word' id='word_1_302' title='bbox 1055 2043 1095 2083; x_wconf 85' lang='lat'>&amp;</span> <span class='ocrx_word' id='word_1_303' title='bbox 1119 2054 1300 2082; x_wconf 81' lang='lat' dir='ltr'>accentus</span> 
     </span>
     <span class='ocr_line' id='line_1_34' title="bbox 32 2096 1300 2150; baseline 0 -14"><span class='ocrx_word' id='word_1_304' title='bbox 32 2099 207 2150; x_wconf 87' lang='lat' dir='ltr'>ignorent</span> <span class='ocrx_word' id='word_1_305' title='bbox 217 2128 229 2145; x_wconf 92' lang='lat'>,</span> <span class='ocrx_word' id='word_1_306' title='bbox 242 2097 376 2137; x_wconf 91' lang='lat' dir='ltr'>dehinc</span> <span class='ocrx_word' id='word_1_307' title='bbox 390 2097 539 2149; x_wconf 80' lang='lat' dir='ltr'>regulas</span> <span class='ocrx_word' id='word_1_308' title='bbox 549 2097 832 2138; x_wconf 85' lang='lat' dir='ltr'>Grammaticas</span> <span class='ocrx_word' id='word_1_309' title='bbox 845 2096 1147 2144; x_wconf 87' lang='lat' dir='ltr'>observabimus,</span> <span class='ocrx_word' id='word_1_310' title='bbox 1163 2110 1300 2148; x_wconf 83' lang='lat' dir='ltr'>parum</span> 
     </span>
     <span class='ocr_line' id='line_1_35' title="bbox 34 2148 1301 2204; baseline -0.002 -12"><span class='ocrx_word' id='word_1_311' title='bbox 34 2163 226 2197; x_wconf 74' lang='lat' dir='ltr'>tutantes,</span> <span class='ocrx_word' id='word_1_312' title='bbox 242 2151 333 2204; x_wconf 88' lang='lat' dir='ltr'>quid</span> <span class='ocrx_word' id='word_1_313' title='bbox 353 2149 496 2190; x_wconf 87' lang='lat' dir='ltr'>scribae</span> <span class='ocrx_word' id='word_1_314' title='bbox 510 2150 578 2190; x_wconf 85' lang='lat' dir='ltr'>fibi</span> <span class='ocrx_word' id='word_1_315' title='bbox 591 2150 808 2191; x_wconf 88' lang='lat' dir='ltr'>indulserint</span> <span class='ocrx_word' id='word_1_316' title='bbox 822 2151 860 2190; x_wconf 92' lang='lat' dir='ltr'>in</span> <span class='ocrx_word' id='word_1_317' title='bbox 875 2151 933 2189; x_wconf 83' lang='lat' dir='ltr'>his</span> <span class='ocrx_word' id='word_1_318' title='bbox 952 2151 1131 2190; x_wconf 83' lang='lat' dir='ltr'>minutiis.</span> <span class='ocrx_word' id='word_1_319' title='bbox 1150 2148 1301 2190; x_wconf 87' lang='lat' dir='ltr'>Confer</span> 
     </span>
     <span class='ocr_line' id='line_1_36' title="bbox 34 2203 1299 2258; baseline -0.002 -13"><span class='ocrx_word' id='word_1_320' title='bbox 34 2205 156 2245; x_wconf 78' lang='lat' dir='ltr'>tamen</span> <span class='ocrx_word' id='word_1_321' title='bbox 169 2204 281 2258; x_wconf 84' lang='lat' dir='ltr'>supra</span> <span class='ocrx_word' id='word_1_322' title='bbox 295 2218 315 2244; x_wconf 95' lang='lat' dir='ltr'>a</span> <span class='ocrx_word' id='word_1_323' title='bbox 327 2217 387 2244; x_wconf 87' lang='lat' dir='ltr'>me</span> <span class='ocrx_word' id='word_1_324' title='bbox 399 2204 497 2244; x_wconf 63' lang='lat' dir='ltr'>dieta</span> <span class='ocrx_word' id='word_1_325' title='bbox 508 2206 555 2244; x_wconf 87' lang='lat' dir='ltr'>ad</span> <span class='ocrx_word' id='word_1_326' title='bbox 568 2218 652 2258; x_wconf 89' lang='lat' dir='ltr'>cap.</span> <span class='ocrx_word' id='word_1_327' title='bbox 667 2220 712 2258; x_wconf 80' lang='lat'>33</span> <span class='ocrx_word' id='word_1_328' title='bbox 729 2204 880 2256; x_wconf 86' lang='lat' dir='ltr'>Quom.</span> <span class='ocrx_word' id='word_1_329' title='bbox 894 2203 1041 2244; x_wconf 90' lang='lat' dir='ltr'>conscr.</span> <span class='ocrx_word' id='word_1_330' title='bbox 1056 2204 1137 2243; x_wconf 86' lang='lat' dir='ltr'>hist.</span> <span class='ocrx_word' id='word_1_331' title='bbox 1152 2204 1193 2243; x_wconf 86' lang='lat'>&amp;</span> <span class='ocrx_word' id='word_1_332' title='bbox 1205 2217 1299 2244; x_wconf 79' lang='lat' dir='ltr'>mox</span> 
     </span>
     <span class='ocr_line' id='line_1_37' title="bbox 36 2254 1301 2313; baseline 0 -14"><span class='ocrx_word' id='word_1_333' title='bbox 36 2271 62 2299; x_wconf 79' lang='grc' dir='ltr'>ε.</span> <span class='ocrx_word' id='word_1_334' title='bbox 81 2273 95 2298; x_wconf 85' lang='lat'>1</span> <span class='ocrx_word' id='word_1_335' title='bbox 109 2273 139 2312; x_wconf 84' lang='lat'>5.</span> <span class='ocrx_word' id='word_1_336' title='bbox 160 2258 346 2300; x_wconf 87' lang='lat' dir='ltr'>Ceterum</span> <span class='ocrx_word' id='word_1_337' title='bbox 363 2254 502 2298; x_wconf 68' lang='grc' dir='ltr'><em>αὐτοὺς</em></span> <span class='ocrx_word' id='word_1_338' title='bbox 519 2272 592 2313; x_wconf 87' lang='lat' dir='ltr'>pro</span> <span class='ocrx_word' id='word_1_339' title='bbox 605 2258 756 2298; x_wconf 71' lang='grc' dir='ltr'><strong>ἑαυτοὺς</strong></span> <span class='ocrx_word' id='word_1_340' title='bbox 770 2258 831 2298; x_wconf 88' lang='lat' dir='ltr'>hic</span> <span class='ocrx_word' id='word_1_341' title='bbox 843 2259 947 2297; x_wconf 89' lang='lat' dir='ltr'>valet</span> <span class='ocrx_word' id='word_1_342' title='bbox 962 2271 1034 2311; x_wconf 86' lang='lat' dir='ltr'>pro</span> <span class='ocrx_word' id='word_1_343' title='bbox 1048 2257 1160 2308; x_wconf 65' lang='grc' dir='ltr'><em>ἡμᾶς,</em></span> <span class='ocrx_word' id='word_1_344' title='bbox 1174 2258 1237 2297; x_wconf 88' lang='lat' dir='ltr'>vel</span> <span class='ocrx_word' id='word_1_345' title='bbox 1259 2256 1301 2299; x_wconf 69' lang='grc' dir='ltr'>ἦ·</span> 
     </span>
     <span class='ocr_line' id='line_1_38' title="bbox 37 2308 1300 2364; baseline 0 -13"><span class='ocrx_word' id='word_1_346' title='bbox 37 2311 104 2353; x_wconf 70' lang='grc' dir='ltr'>,ιᾶς</span> <span class='ocrx_word' id='word_1_347' title='bbox 119 2308 269 2353; x_wconf 67' lang='grc' dir='ltr'><strong><em>αὐτούς.</em></strong></span> <span class='ocrx_word' id='word_1_348' title='bbox 285 2313 512 2364; x_wconf 88' lang='lat' dir='ltr'>Exemplum</span> <span class='ocrx_word' id='word_1_349' title='bbox 527 2326 647 2352; x_wconf 90' lang='lat' dir='ltr'>unum</span> <span class='ocrx_word' id='word_1_350' title='bbox 670 2312 770 2352; x_wconf 88' lang='lat' dir='ltr'>dedit</span> <span class='ocrx_word' id='word_1_351' title='bbox 788 2312 830 2352; x_wconf 94' lang='lat' dir='ltr'>L.</span> <span class='ocrx_word' id='word_1_352' title='bbox 845 2313 926 2352; x_wconf 88' lang='lat' dir='ltr'>Bos</span> <span class='ocrx_word' id='word_1_353' title='bbox 937 2341 947 2359; x_wconf 91' lang='lat'>‚</span> <span class='ocrx_word' id='word_1_354' title='bbox 969 2311 1035 2352; x_wconf 84' lang='lat' dir='ltr'>etsi</span> <span class='ocrx_word' id='word_1_355' title='bbox 1050 2312 1149 2351; x_wconf 86' lang='lat' dir='ltr'>aliud</span> <span class='ocrx_word' id='word_1_356' title='bbox 1162 2324 1276 2364; x_wconf 84' lang='lat' dir='ltr'>agens</span> <span class='ocrx_word' id='word_1_357' title='bbox 1287 2342 1300 2359; x_wconf 93' lang='lat'>,</span> 
     </span>
     <span class='ocr_line' id='line_1_39' title="bbox 38 2366 1300 2420; baseline -0.002 -13"><span class='ocrx_word' id='word_1_358' title='bbox 38 2368 75 2407; x_wconf 71' lang='lat' dir='ltr'>id</span> <span class='ocrx_word' id='word_1_359' title='bbox 87 2366 176 2407; x_wconf 70' lang='lat' dir='ltr'>Aet.</span> <span class='ocrx_word' id='word_1_360' title='bbox 190 2366 328 2420; x_wconf 87' lang='lat' dir='ltr'>Apost.</span> <span class='ocrx_word' id='word_1_361' title='bbox 344 2366 539 2413; x_wconf 87' lang='lat' dir='ltr'>XXVIII,</span> <span class='ocrx_word' id='word_1_362' title='bbox 554 2368 615 2416; x_wconf 86' lang='lat'>16,</span> <span class='ocrx_word' id='word_1_363' title='bbox 627 2380 675 2407; x_wconf 85' lang='lat' dir='ltr'>ex</span> <span class='ocrx_word' id='word_1_364' title='bbox 689 2366 707 2406; x_wconf 90' lang='lat'><em>1</em></span> <span class='ocrx_word' id='word_1_365' title='bbox 721 2366 817 2418; x_wconf 81' lang='lat' dir='ltr'>Reg.</span> <span class='ocrx_word' id='word_1_366' title='bbox 830 2366 966 2406; x_wconf 83' lang='lat' dir='ltr'>XXVI</span> <span class='ocrx_word' id='word_1_367' title='bbox 977 2397 988 2414; x_wconf 88' lang='lat'>,</span> <span class='ocrx_word' id='word_1_368' title='bbox 1009 2379 1021 2403; x_wconf 86' lang='lat'>1</span> <span class='ocrx_word' id='word_1_369' title='bbox 1036 2379 1067 2413; x_wconf 85' lang='lat'>1,</span> <span class='ocrx_word' id='word_1_370' title='bbox 1079 2366 1300 2415; x_wconf 66' lang='grc' dir='ltr'>ἀπέλθωμεν</span> 
     </span>
     <span class='ocr_line' id='line_1_40' title="bbox 38 2418 1302 2473; baseline -0.002 -12"><span class='ocrx_word' id='word_1_371' title='bbox 38 2420 134 2472; x_wconf 65' lang='grc' dir='ltr'><em>ἧμεῖς</em></span> <span class='ocrx_word' id='word_1_372' title='bbox 148 2420 229 2460; x_wconf 76' lang='grc' dir='ltr'><strong>καθ’</strong></span> <span class='ocrx_word' id='word_1_373' title='bbox 244 2419 411 2460; x_wconf 69' lang='grc' dir='ltr'>ἑαυτούς.</span> <span class='ocrx_word' id='word_1_374' title='bbox 428 2420 515 2460; x_wconf 90' lang='lat' dir='ltr'>Reli</span> <span class='ocrx_word' id='word_1_375' title='bbox 546 2433 594 2460; x_wconf 89' lang='lat' dir='ltr'>ua</span> <span class='ocrx_word' id='word_1_376' title='bbox 608 2421 725 2467; x_wconf 88' lang='lat' dir='ltr'>enim,</span> <span class='ocrx_word' id='word_1_377' title='bbox 742 2432 843 2473; x_wconf 86' lang='lat' dir='ltr'>quae</span> <span class='ocrx_word' id='word_1_378' title='bbox 858 2420 945 2458; x_wconf 40' lang='lat' dir='ltr'>ibidt</span> <span class='ocrx_word' id='word_1_379' title='bbox 959 2418 1069 2458; x_wconf 86' lang='lat' dir='ltr'>affert</span> <span class='ocrx_word' id='word_1_380' title='bbox 1082 2420 1127 2458; x_wconf 84' lang='lat' dir='ltr'>ad</span> <span class='ocrx_word' id='word_1_381' title='bbox 1140 2419 1302 2459; x_wconf 86' lang='lat' dir='ltr'>demon-</span> 
     </span>
     <span class='ocr_line' id='line_1_41' title="bbox 41 2434 1298 2527; baseline -0.002 -13"><span class='ocrx_word' id='word_1_382' title='bbox 41 2474 240 2523; x_wconf 65' lang='lat' dir='ltr'>Irandum,</span> <span class='ocrx_word' id='word_1_383' title='bbox 266 2473 345 2513; x_wconf 76' lang='grc' dir='ltr'><strong>καθ’</strong></span> <span class='ocrx_word' id='word_1_384' title='bbox 369 2473 499 2514; x_wconf 67' lang='grc' dir='ltr'><strong>ἑαυτὸν</strong></span> <span class='ocrx_word' id='word_1_385' title='bbox 518 2434 727 2526; x_wconf 63' lang='lat' dir='ltr'>significare</span> <span class='ocrx_word' id='word_1_386' title='bbox 745 2474 879 2526; x_wconf 79' lang='lat' dir='ltr'>perse,</span> <span class='ocrx_word' id='word_1_387' title='bbox 896 2474 1104 2527; x_wconf 49' lang='lat' dir='ltr'>separatim,</span> <span class='ocrx_word' id='word_1_388' title='bbox 1122 2472 1298 2525; x_wconf 81' lang='lat' dir='ltr'>seorficm‚</span> 
     </span>
     <span class='ocr_line' id='line_1_42' title="bbox 41 2526 1302 2581; baseline -0.002 -14"><span class='ocrx_word' id='word_1_389' title='bbox 41 2541 106 2568; x_wconf 84' lang='lat' dir='ltr'>mc</span> <span class='ocrx_word' id='word_1_390' title='bbox 120 2541 199 2568; x_wconf 90' lang='lat' dir='ltr'>non</span> <span class='ocrx_word' id='word_1_391' title='bbox 214 2530 422 2581; x_wconf 86' lang='lat' dir='ltr'>pertinent,</span> <span class='ocrx_word' id='word_1_392' title='bbox 435 2529 527 2581; x_wconf 86' lang='lat' dir='ltr'>quia</span> <span class='ocrx_word' id='word_1_393' title='bbox 543 2529 676 2567; x_wconf 87' lang='lat' dir='ltr'>tertiae</span> <span class='ocrx_word' id='word_1_394' title='bbox 689 2526 874 2580; x_wconf 83' lang='lat' dir='ltr'>personae</span> <span class='ocrx_word' id='word_1_395' title='bbox 889 2527 997 2566; x_wconf 84' lang='lat' dir='ltr'>verbi</span> <span class='ocrx_word' id='word_1_396' title='bbox 1014 2527 1224 2579; x_wconf 77' lang='lat' dir='ltr'>iunguntur</span> <span class='ocrx_word' id='word_1_397' title='bbox 1232 2542 1245 2575; x_wconf 74' lang='lat'>3</span> <span class='ocrx_word' id='word_1_398' title='bbox 1261 2528 1302 2566; x_wconf 89' lang='lat' dir='ltr'>in</span> 
     </span>
    </p>
   </div>
   <div class='ocr_carea' id='block_1_3' title="bbox 43 2580 1311 2673">
    <p class='ocr_par' dir='ltr' id='par_1_10' title="bbox 43 2580 1311 2673">
     <span class='ocr_line' id='line_1_43' title="bbox 43 2580 1311 2673; baseline -0.003 -52"><span class='ocrx_word' id='word_1_399' title='bbox 43 2594 104 2623; x_wconf 84' lang='lat' dir='ltr'>ioc</span> <span class='ocrx_word' id='word_1_400' title='bbox 117 2593 246 2623; x_wconf 88' lang='lat' dir='ltr'>autem</span> <span class='ocrx_word' id='word_1_401' title='bbox 267 2583 415 2636; x_wconf 85' lang='lat' dir='ltr'>primae</span> <span class='ocrx_word' id='word_1_402' title='bbox 430 2593 547 2622; x_wconf 81' lang='lat' dir='ltr'>etiam</span> <span class='ocrx_word' id='word_1_403' title='bbox 560 2594 684 2636; x_wconf 80' lang='lat' dir='ltr'>aeque</span> <span class='ocrx_word' id='word_1_404' title='bbox 699 2594 743 2622; x_wconf 83' lang='lat' dir='ltr'>ac</span> <span class='ocrx_word' id='word_1_405' title='bbox 759 2582 798 2621; x_wconf 89' lang='lat' dir='ltr'>in</span> <span class='ocrx_word' id='word_1_406' title='bbox 817 2582 990 2673; x_wconf 53' lang='lat' dir='ltr'>Luciffiio</span> <span class='ocrx_word' id='word_1_407' title='bbox 1002 2580 1220 2621; x_wconf 54' lang='lat' dir='ltr'>adiunctum</span> <span class='ocrx_word' id='word_1_408' title='bbox 1234 2581 1311 2621; x_wconf 61' lang='lat' dir='ltr'>est.vr</span> 
     </span>
     <span class='ocr_line' id='line_1_44' title="bbox 962 2647 1052 2673; baseline 0 0"><span class='ocrx_word' id='word_1_409' title='bbox 962 2647 1000 2673; x_wconf 88' lang='lat' dir='ltr'>m</span> <span class='ocrx_word' id='word_1_410' title='bbox 1031 2649 1052 2673; x_wconf 92' lang='lat'>2</span> 
     </span>
    </p>
   </div>
   <div class='ocr_carea' id='block_1_4' title="bbox 0 692 43 2664">
    <p class='ocr_par' dir='ltr' id='par_1_11' title="bbox 0 692 43 2664">
     <span class='ocr_line' id='line_1_45' title="bbox 0 692 11 987; baseline 0 -20"><span class='ocrx_word' id='word_1_411' title='bbox 0 692 11 987; x_wconf 95' lang='lat' dir='ltr'>     </span> 
     </span>
     <span class='ocr_line' id='line_1_46' title="bbox 0 987 20 1364; baseline 0 -269"><span class='ocrx_word' id='word_1_412' title='bbox 0 987 20 1364; x_wconf 95' lang='lat' dir='ltr'>    </span> 
     </span>
     <span class='ocr_line' id='line_1_47' title="bbox 0 1364 20 1637; baseline 0 -113"><span class='ocrx_word' id='word_1_413' title='bbox 0 1364 20 1637; x_wconf 95' lang='lat' dir='ltr'>    </span> 
     </span>
     <span class='ocr_line' id='line_1_48' title="bbox 4 1637 20 1703; baseline 0 1482"><span class='ocrx_word' id='word_1_414' title='bbox 4 1637 20 1703; x_wconf 95' lang='lat' dir='ltr'> </span> 
     </span>
     <span class='ocr_line' id='line_1_49' title="bbox 5 1703 27 1907; baseline 0 -18"><span class='ocrx_word' id='word_1_415' title='bbox 5 1703 27 1907; x_wconf 95' lang='lat' dir='ltr'>     </span> 
     </span>
     <span class='ocr_line' id='line_1_50' title="bbox 5 1907 28 2069; baseline 0 0"><span class='ocrx_word' id='word_1_416' title='bbox 5 1907 28 2069; x_wconf 95' lang='lat' dir='ltr'>  </span> 
     </span>
     <span class='ocr_line' id='line_1_51' title="bbox 12 2069 33 2221; baseline 0 -44"><span class='ocrx_word' id='word_1_417' title='bbox 12 2069 33 2221; x_wconf 95' lang='lat' dir='ltr'>   </span> 
     </span>
     <span class='ocr_line' id='line_1_52' title="bbox 12 2221 34 2453; baseline 0 -151"><span class='ocrx_word' id='word_1_418' title='bbox 12 2221 34 2453; x_wconf 95' lang='lat' dir='ltr'>    </span> 
     </span>
     <span class='ocr_line' id='line_1_53' title="bbox 18 2482 43 2664; baseline 0 -44"><span class='ocrx_word' id='word_1_419' title='bbox 18 2482 43 2664; x_wconf 95' lang='lat' dir='ltr'>   </span> 
     </span>
    </p>
   </div>
  </div>
 </body>
</html>
