1841 3180
433 118 519 181 376
624 111 1498 160 ANNO'sATloNES

427 218 465 240 a.
477 216 519 252 φ.
533 201 570 240 in
582 201 672 241 Iunc.
689 201 881 241 deleverat
889 215 901 248 ;
924 200 1105 239 nimirum
1123 199 1308 240 olfaciens
1324 200 1482 254 glossam
1495 201 1585 241 effe:
1598 201 1695 242 idem
1755 208 1759 247 'l
1793 208 1800 234 ἑ

427 257 470 296 δι
482 255 573 295 mihi
587 257 764 302 videtur3
781 268 870 294 nam
883 255 974 308 quid
988 254 1092 293 aliud
1107 253 1191 293 sunt
1203 285 1213 300 ,
1234 269 1348 308 quam
1365 256 1571 307 explicatio
1586 257 1698 296 verbi
1740 249 1761 293 vl
1784 247 1841 290 ‹23³st

429 309 640 361 &mihim
657 309 810 348 Interim
823 340 832 352 ,
849 321 939 361 quia
955 321 1033 347 non
1054 307 1211 348 affertur
1225 309 1382 355 Codex,
1403 309 1438 348 in
1455 322 1536 362 quo
1556 308 1699 358 defint,

429 377 473 402 ea
490 365 539 403 ita
556 374 740 403 contextu
760 363 895 401 addere
911 363 1029 401 tutius
1049 361 1142 401 duxi
1154 377 1165 410 3
1186 362 1247 401 sed
1268 375 1312 402 ut
1332 361 1499 416 suspecta
1514 364 1622 404 uncis
1637 363 1700 402 in-

429 417 534 458 clusi.
552 417 697 456 Rtlrz.

484 473 563 511 ibid.
578 469 688 509 Εἰκὸς.
702 468 825 523 ‘Eat-c.)
845 469 888 508 In
910 469 1089 509 omnibus
1108 468 1292 522 impressis
1315 469 1356 510 δι
1376 469 1457 525 ipso
1476 469 1622 510 Codice
1642 468 1700 509 M.
1766 501 1770 512 .
1819 473 1828 499 ³

1759 294 1764 364 l
1787 300 1841 357 ipim

1752 365 1766 408 ’ζ
1791 352 1841 398 llis)

1763 426 1768 459 J
1793 419 1836 452 utar,

431 526 551 564 verba
565 513 759 576 sequentia
768 523 832 562 hic
846 523 981 563 inserta
992 523 1234 576 legebantur:
1253 519 1350 563 εὖτοι
1363 523 1407 562 δὲ
1423 525 1515 563 ἦσαν
1528 522 1618 563 oia-0³2
1632 522 1705 563 ἐέλ-
1838 539 1841 550 ·

431 590 487 618 λοι
501 576 940 628 φιλοσοφοῦντες,ἱηΐι11ἷε
950 576 1117 630 prorsus,
1129 577 1156 615 si
1167 577 1324 631 Dialogi
1335 577 1518 630 personae
1533 578 1704 617 tribuan-

431 645 494 671 tur
505 648 512 670 :
525 630 698 671 exsulare
711 632 840 684 itaque
851 644 925 683 ego
938 630 1034 678 iuffi,
1045 644 1131 671 cum
1147 631 1269 683 palam
1283 632 1341 680 sit,
1356 631 1538 671 Scholion
1548 645 1700 671 merum
1762 626 1777 674 ’ξ
1801 617 1810 627 ²
1822 641 1837 684 Ἀ,

432 684 527 731 effe,
544 685 634 738 quid
647 698 715 738 per
729 685 914 737 ὰντίὸοξοι
931 686 1122 724 Lucianus
1134 684 1316 730 voluerit,
1332 697 1529 725 enarrans.
1541 685 1703 725 SOLAN.
1765 683 1778 718 ἲ
1815 698 1817 703 ·
1839 695 1841 714 2

487 742 558 778 ead.
574 740 596 777 l.
614 752 671 778 10.
686 739 888 792 Μαργίτῃ)
900 738 1041 778 Erasmi
1053 737 1260 779 chiliades:
1278 739 1327 778 ibi
1341 738 1700 791 Moep‘yirmBROD.

436 794 517 832 Cum
531 794 709 854 Mqrgitrh
722 794 841 832 inerte
853 793 894 833 &
906 793 1044 833 nullius
1063 793 1174 844 pretii
1193 792 1408 846 stolidoque
1422 790 1589 832 homine.
1601 796 1705 834 Mars

431 848 512 900 gitis
532 860 633 886 emm
658 848 832 886 meminit
851 860 901 887 ex
925 849 1103 887 Homero
1125 846 1287 886 Aristot.
1310 857 1425 899 atque
1447 847 1570 887 Clem.
1590 847 1706 888 Alex.
1767 882 1770 887 .

435 900 634 940 Demossh.
651 902 752 953 apud
767 901 863 941 Plut.
886 901 1150 941 Alexandrum
1167 914 1328 954 puerum
1353 902 1393 940 δι
1411 901 1619 954 Margitem
1635 914 1705 941 no.

435 955 614 994 minabat.
633 954 946 1008 COGNJ'Acppove,
969 955 1087 1007 μωρῷ.
1108 955 1170 994 De
1192 957 1267 995 hoc
1285 955 1388 995 Suid.
1401 968 1449 995 ex
1461 954 1631 1006 Hesych.
1645 955 1703 995 In·

435 1020 532 1062 terp.
553 1008 666 1048 Arist.
689 1010 735 1048 ad
759 1023 861 1048 aves.
886 1010 1060 1049 BOURD.
1090 1008 1281 1061 Scripsisse
1304 1010 1523 1049 Homerum
1543 1011 1704 1062 poema·

436 1064 530 1102 tium
545 1094 557 1111 ,
570 1064 631 1101 cui
648 1063 724 1102 hoc
740 1076 883 1103 nomen
905 1062 1064 1109 fecerat,
1083 1062 1309 1102 Aristoteles
1328 1062 1427 1102 haud
1442 1062 1554 1102 dubie
1569 1063 1704 1103 anaor

437 1116 490 1155 est
502 1147 512 1165 ‚
527 1117 572 1156 de
585 1116 692 1156 Poet.
707 1130 787 1168 cap.
802 1132 838 1164 4.
856 1117 927 1156 Sed
942 1117 1104 1156 Homeri
1120 1116 1267 1156 foetum
1283 1116 1357 1156 effe
1367 1117 1514 1156 dubitat
1528 1117 1705 1165 Basilius,

437 1171 518 1210 Lib.
533 1171 578 1209 de
592 1171 689 1224 legg.
707 1170 778 1210 Gr.
795 1170 934 1224 (Grot.
954 1171 1011 1210 ed.
1027 1184 1104 1223 990
1116 1170 1188 1224 C.)
1208 1171 1374 1211 Iunioris
1386 1170 1428 1212 δι
1440 1170 1541 1210 vires
1555 1181 1705 1211 tentan-

437 1227 484 1263 tis
499 1225 666 1264 Homeri
678 1224 751 1264 effe
765 1225 949 1264 existimat
964 1224 1071 1264 Dion
1086 1224 1286 1276 Chrysost.
1301 1238 1337 1279 p.
1349 1225 1516 1265 CXXIV
1538 1225 1596 1265 ed.
1611 1226 1706 1266 Bar-

441 1277 514 1319 nes.
528 1278 665 1319 Iliados
679 1278 982 1332 praemissorum.
1001 1279 1143 1318 Iterum
1161 1277 1255 1317 infra
1269 1277 1405 1329 Φιλοψ.
1423 1292 1457 1319 c.
1471 1294 1506 1344 3.
1520 1278 1678 1319 SOLAN.

494 1335 565 1371 ead.
583 1334 606 1371 l.
624 1347 636 1371 1
648 1348 681 1386 3.
693 1332 781 1371 ‘Tor’
791 1333 927 1372 ἐκείνου
944 1332 1151 1387 λεγόμενα)
1163 1332 1317 1386 Castigo
1329 1330 1394 1373 ὑπ’
1403 1333 1704 1374 ἑκεινων.ΒΚοΒ.

494 1390 567 1425 ead.
584 1388 606 1425 l.
624 1402 682 1434 14.
696 1384 854 1440 Αἵρεσιν)
871 1390 1100 1435 Φιλοσοφίαν.
1115 1387 1255 1426 BROD.

494 1444 567 1479 ead.
578 1441 600 1479 l.
608 1455 621 1479 1
636 1455 650 1492 5
659 1440 817 1494 .Ἀξιῶν)
826 1441 856 1480 F
857 1453 941 1481 orte
951 1441 1043 1492 ἀξία
1049 1457 1079 1487 ν,
1089 1443 1357 1495 aestimationem,
1363 1440 1520 1494 pretium.
1531 1440 1705 1482 GUYET.

492 1496 570 1533 ibid.
583 1493 750 1534 Tota-3⁷02
765 1497 935 1549 λέγοντι)
951 1496 1042 1534 Non
1054 1501 1219 1548 λέγοντο.
1234 1496 1376 1535 BROD.
1690 1511 1696 1520 ³

494 1551 567 1587 ead.
582 1549 604 1586 l.
624 1549 682 1588 16.
696 1544 848 1602 Οἶσθα)
863 1549 970 1589 Stare
987 1549 1062 1589 hoc
1076 1550 1236 1589 verbum
1253 1550 1314 1589 hic
1326 1562 1407 1589 non
1427 1547 1562 1603 potest.
1574 1548 1706 1590 Credo

439 1601 621 1656 scriptum
644 1601 750 1642 fuisse
766 1609 866 1652 min,
885 1604 951 1644 vel
962 1604 1092 1657 potius
1107 1599 1149 1644 εὖ
1166 1605 1266 1652 ἴσθι,
1284 1615 1328 1643 ut
1343 1608 1408 1656 Πρ.
1422 1614 1460 1642 λ.
1481 1616 1514 1643 c.
1533 1615 1568 1656 5,
1585 1602 1628 1643 &
1641 1603 1708 1643 ali-

439 1656 478 1695 bi
494 1656 635 1710 paffim.
650 1656 807 1696 SOLAN.

497 1712 588 1762 Pag.
607 1725 667 1763 23.
681 1713 705 1750 l.
723 1727 756 1750 2.
770 1713 820 1751 Ἐν
835 1710 917 1765 χρῷ
930 1710 1096 1766 κουρίας)
1114 1713 1181 1751 Ad
1197 1723 1302 1751 cutem
1322 1711 1449 1764 tonfhs.
1464 1711 1605 1750 BROD.
1619 1711 1708 1751 Stri-

441 1765 515 1803 &im
527 1765 693 1816 attonsus.
709 1764 828 1804 plaut.
843 1766 957 1819 Capt.
974 1767 1083 1805 cuius
1094 1766 1292 1814 ἀντίθετον,
1302 1780 1362 1818 per
1369 1766 1526 1818 peHinem
1539 1765 1706 1817 attonsus.

439 1817 592 1872 Ἐγκυτὶ
607 1833 850 1870 κεκαρμενους
866 1820 1117 1860 Archilocho.
1127 1821 1216 1860 Hoc
1229 1832 1349 1871 genus
1363 1818 1543 1859 tonsurae
1552 1820 1705 1867 σκαφίον

442 1871 632 1921 dicebant,
647 1873 709 1912 cui
724 1871 856 1921 κῆπος,
871 1874 934 1913 vel
946 1874 1075 1913 κηπίον
1087 1875 1371 1927 opponebatur.
1389 1873 1452 1913 De
1464 1873 1606 1925 quibus
1620 1873 1708 1913 vide

441 1926 634 1980 Aristoph.
648 1927 773 1966 Schol.
790 1928 827 1966 in
844 1927 1023 1977 Avibus,
1039 1928 1080 1968 &
1095 1929 1144 1967 H.
1158 1929 1309 1968 Iunium
1325 1928 1370 1967 de
1383 1940 1495 1968 coma
1512 1940 1544 1967 c.
1557 1927 1706 1967 6.Vide

441 1979 482 2019 &
494 1980 577 2032 Λεξ.
590 1994 623 2020 c.
642 1994 673 2033 5.
685 1982 720 2020 V
728 1992 849 2020 ORST.
862 1982 962 2021 Vide
976 1993 1059 2022 not.
1074 1983 1120 2021 ad
1131 1983 1211 2021 Vir.
1225 1983 1323 2023 auct.
1343 1994 1378 2021 c.
1393 1995 1455 2021 20.
1467 1981 1625 2021 SOLAN.
1637 1981 1708 2020 ’Ev-

440 2035 669 2087 χρωκουρίας
685 2048 763 2074 una
777 2048 878 2075 voce
893 2036 1043 2088 Guyet.
1062 2035 1199 2076 scribit.
1214 2035 1437 2084 Affenfirer,
1451 2034 1480 2074 fi
1500 2036 1708 2088 probaret3

439 2101 510 2127 nec
524 2089 624 2128 enim
638 2090 838 2129 ridiculum
859 2090 955 2129 adeo
972 2090 1047 2139 est,
1061 2101 1105 2129 ut
1125 2091 1322 2130 contemni
1339 2089 1473 2129 debeat
1483 2120 1493 2137 ,
1507 2090 1601 2140 quin
1617 2089 1707 2142 quia

438 2142 661 2189 ridiculum,
681 2143 806 2183 studio
827 2142 1047 2184 affectatum
1069 2145 1117 2183 ab
1131 2144 1305 2184 Luciano
1325 2144 1445 2183 videri
1460 2142 1584 2195 poffit.
1605 2142 1707 2182 Inte·-

439 2197 525 2242 rim,
539 2198 632 2249 quia
644 2209 723 2236 non
738 2197 999 2246 necessarium,
1014 2198 1055 2238 ἃ
1066 2199 1140 2238 viri
1152 2198 1295 2237 eruditi
1308 2197 1366 2237 hic
1381 2197 1422 2238 &
1434 2197 1522 2236 alibi
1534 2198 1606 2236 iam
1622 2195 1707 2236 satis

440 2250 665 2303 exposuere,
676 2252 765 2304 quid
775 2251 818 2291 sit
830 2253 863 2291 ἓν
873 2251 954 2305 χρῷ
965 2252 1127 2303 κουρίας,
1137 2251 1227 2291 nihil
1238 2252 1400 2304 amplius
1409 2252 1546 2291 dicam.
1561 2250 1705 2291 REITz.

493 2307 566 2344 ead.
581 2306 603 2345 l.
619 2319 651 2358 3.
666 2302 786 2345 Ozistv
799 2304 904 2358 ἅβρὶν
936 2307 1042 2345 Nilu‘l
1050 2307 1086 2345 in
1101 2307 1154 2345 his
1163 2307 1270 2345 molle.
1283 2306 1422 2346 BROD.

493 2359 571 2397 ibid.
583 2359 639 2398 Ἐς
654 2363 696 2398 τὸ
710 2305 926 2413 ἀὲιάφορονζ
943 2360 1134 2400 Nimirum
1150 2361 1194 2400 ‘rb
1211 2359 1406 2410 άὸιίιφορον
1419 2358 1520 2398 illam
1533 2371 1709 2412 quorun-

439 2410 525 2452 dam
540 2413 730 2453 rationem
744 2424 872 2464 notat,
887 2413 1028 2469 quibus
1046 2427 1180 2469 parum
1196 2425 1261 2454 aut
1275 2413 1364 2461 nihil
1383 2426 1499 2454 curae
1519 2413 1572 2454 est
1583 2443 1594 2462 ,
1614 2413 1708 2468 quid
