1841 3180
507 180 602 241 ῥῶ
708 172 1584 226 ANNOTATIONES

508 270 699 310 hominihus
720 271 755 309 62
774 270 837 309 hoc
852 269 952 308 moris
965 279 1039 306 erat
1052 296 1062 314 ‚
1086 279 1124 306 ut
1138 267 1320 319 legislatori
1329 268 1518 320 parebant,
1533 267 1586 317 fic
1603 267 1786 316 amabant}

506 341 592 379 quos
604 325 657 364 ille
665 328 832 378 probaret.
858 322 1011 362 Scribae
1025 334 1114 361 cum
1128 321 1165 359 in
1179 320 1418 361 dffiinffione
1428 334 1510 360 non
1527 320 1620 360 nihil
1633 321 1785 366 abertaa
1831 354 1832 357 ,

507 381 597 426 rint,
612 380 786 418 tenebras
798 375 1024 416 offuderunt
1037 375 1323 428 interpretibus.
1340 375 1400 415 Sic
1412 373 1608 428 distingue,
1625 375 1737 415 ἀλλὰ
1752 375 1784 415 οὶ

508 431 700 485 ἄνθρωποι,
713 429 897 470 καὶτοῦτο
911 424 958 470 ὧς
971 428 1136 480 νομοθέτῃ
1146 428 1339 476 ἐπείθοντο,
1351 428 1492 477 ἐφίλουν
1502 429 1564 468 οὓς
1574 428 1708 469 ἐκεῖνος
1717 429 1783 469 ‹50-

510 487 679 538 κιμάζσι,
695 486 735 525 &
749 496 859 524 verte
869 514 882 530 ,
897 484 1046 523 homines
1059 494 1186 528 autem,
1202 483 1237 521 δ’
1247 484 1283 521 in
1301 485 1366 522 hac
1378 499 1409 521 re
1422 495 1585 536 tanquam
1593 483 1783 537 legislatori

502 541 572 594 suo
584 540 859 592 obsequebantur,
872 539 1050 583 amabant,
1061 552 1145 590 quos
1161 537 1216 575 ille
1227 538 1407 590 probabat.
1427 536 1601 577 GRAEV.
1803 586 1805 588 q
1839 534 1841 540 '

565 598 639 633 ead.
654 594 677 633 l.
695 606 726 644 5.
751 593 820 632 Καὶ
836 592 1036 631 ἐπίστευον
1051 592 1220 642 ἀρίστσυς
1229 589 1374 643 ἄνδρας
1387 586 1479 630 εἶναι
1491 593 1546 629 τὰ
1558 590 1780 632 τελευταῖα.

511 647 576 686 καὶ
590 646 722 698 ἐμυήθη
735 645 842 697 μόνος
855 646 1043 698 βαρβάρων
1058 644 1305 698 Ἀνάχαρσις)
1328 644 1426 684 Sane
1440 644 1491 684 fic
1504 645 1619 684 etiam
1635 655 1782 685 attente

510 701 754 755 interpretes:
768 701 876 747 alter,
890 715 931 739 ac
939 699 1080 753 prorsus
1097 700 1221 751 eosdem
1233 700 1269 738 in
1281 699 1441 752 reliquum
1454 699 1547 738 viros
1558 699 1702 751 optimos
1718 699 1783 751 eff‘e
1839 716 1841 725 ¹

510 757 695 795 credebant.
709 755 811 794 Solus
821 769 898 793 vero
909 769 952 793 ex
963 752 1118 792 barbaris
1127 753 1340 805 Anacharsts
1349 752 1506 792 initiatus
1515 754 1559 805 est
1565 767 1582 800 ‚⁸
1595 752 1704 799 alter,
1715 753 1783 804 eos:

511 825 574 862 que
587 810 681 849 viros
692 809 834 863 optimos
846 809 982 861 denique
994 807 1055 859 effi
1073 809 1255 846 credebant.
1285 807 1391 846 Solus
1406 823 1483 846 vero
1495 821 1537 846 ex
1549 808 1701 846 barbaris
1715 807 1785 845 ini-
1840 808 1841 814 ’

512 864 621 902 tiatus
631 866 674 918 est
689 863 916 914 Anacharsis.
934 862 1055 914 Atqui
1071 861 1231 900 turbant
1248 860 1313 900 illa
1327 861 1390 900 vel
1404 861 1440 900 1⁸72
1454 861 1629 914 reliquum,
1645 861 1709 901 vel
1725 864 1785 900 de-

511 918 612 970 nique
618 933 635 965 ,·
658 918 698 958 &
710 917 809 956 fivis
824 916 887 956 vel
903 914 1169 956 Graecismum
1182 945 1192 962 ‚
1211 914 1277 954 vel
1291 913 1440 954 sensum
1463 927 1684 968 congruum
1698 943 1709 964 ,
1732 915 1785 954 di·

512 971 673 1024 stingue,
688 971 751 1010 mei
769 970 960 1010 ἐπίστευον
972 969 1141 1022 ἀρίστους
1157 968 1300 1021 ἄνθρας
1311 965 1417 1010 εἶναι.
1429 970 1483 1009 τὰ
1493 967 1704 1010 τελευταῖοι
1718 969 1786 1016 καὶ

511 1024 658 1076 ἐμυήθη.
683 1025 828 1066 GRON.

569 1082 641 1118 ead.
655 1080 677 1119 l.
693 1080 728 1118 6.
745 1076 896 1130 Ἐμυίιθη
909 1077 1033 1131 μόνος)
1045 1076 1109 1117 De
1120 1076 1290 1130 antiquis
1305 1076 1545 1129 temporibus
1558 1076 1635 1117 hoc
1649 1075 1786 1116 intelli·

516 1134 705 1186 gendum3
725 1145 790 1172 aut
801 1132 1004 1172 Romanos
1017 1131 1085 1171 sub
1097 1131 1361 1171 Barbarorum
1374 1131 1530 1170 nomine
1545 1143 1626 1170 non
1641 1129 1784 1170 includi

515 1187 768 1227 statuendum.
778 1185 939 1226 Constat
950 1186 1050 1226 enim
1062 1185 1230 1225 initiatos
1238 1183 1344 1224 fuiffe
1352 1184 1784 1237 Syllam‚Pomponium

516 1242 708 1288 Atticum,
719 1240 955 1293 Augustum,
969 1240 1009 1280 δι
1021 1240 1178 1280 Luciani
1192 1249 1328 1286 aetate,
1339 1239 1394 1278 M.
1405 1238 1606 1278 Aurelium
1619 1238 1787 1291 Impera-⁴

516 1306 641 1337 torem
651 1310 663 1344 3
674 1296 768 1349 (vid.
780 1294 921 1347 Xiphil.
935 1293 1101 1347 Capitol.
1114 1307 1176 1342 27,
1190 1292 1445 1346 &Dionem.)
1459 1292 1585 1345 Quod
1597 1303 1723 1343 tamen
1737 1293 1786 1332 de

517 1350 575 1389 M.
588 1349 750 1390 Aurelio
762 1349 855 1395 dixi,
868 1348 985 1388 nolim
1002 1348 1053 1387 ita
1061 1348 1233 1401 intelligi,
1247 1358 1291 1387 ut
1305 1347 1468 1386 statuere
1475 1347 1623 1395 videar,
1638 1345 1784 1387 facium

517 1404 595 1444 hoc
607 1414 696 1443 ante
710 1404 814 1443 hunc
827 1402 996 1442 libellum
1011 1416 1032 1441 a
1044 1402 1216 1442 Luciano
1232 1400 1432 1454 scriptum:
1456 1413 1546 1441 nam
1560 1401 1610 1440 ab
1623 1413 1672 1440 eo
1685 1413 1787 1440 non-

516 1459 609 1498 dum
625 1458 762 1498 celebri
775 1457 927 1497 videtur
940 1457 1064 1496 habita
1078 1456 1170 1496 haec
1181 1456 1323 1503 oratio,
1343 1468 1432 1495 cum
1446 1455 1483 1494 in
1498 1454 1696 1495 Graeciam
1709 1455 1787 1507 pri-

519 1526 626 1552 mum
647 1512 792 1565 appulit
806 1526 817 1560 ·‚
838 1510 906 1550 nifi
929 1509 1030 1550 forte
1044 1511 1083 1549 in
1095 1510 1220 1550 reditu
1235 1510 1341 1550 malis
1353 1509 1518 1549 habitam
1529 1539 1542 1555 ,
1561 1509 1640 1549 vid.
1654 1522 1689 1549 c.
1705 1509 1782 1562 seq.

517 1566 602 1606 Cic.
616 1566 633 1605 I
658 1567 702 1605 de
717 1567 753 1605 N
757 1576 806 1605 at.
830 1565 955 1605 Deor.
980 1565 1108 1605 Omitto
1129 1565 1327 1617 Eleusinam
1340 1564 1496 1616 sanblam
1515 1563 1608 1603 illam
1621 1564 1656 1602 δ’
1669 1577 1785 1615 augu-

510 1622 616 1675 stam,
634 1621 705 1659 Ubi
716 1620 896 1659 initiantur
907 1632 1020 1673 gentes
1033 1633 1165 1658 orarum
1175 1620 1325 1659 ultimae.
1337 1619 1448 1659 Adde
1459 1617 1574 1661 etiam
1585 1617 1784 1658 Potterum

517 1675 584 1724 46,
605 1688 640 1719 1,
655 1674 719 1714 ubi
731 1675 859 1727 plures
873 1672 1055 1713 recenset.
1077 1673 1236 1713 SOLAN.

573 1729 652 1767 ibid.
667 1730 925 1779 Δημοποίητος
939 1726 1155 1781 γενόμενος)
1176 1725 1404 1767 Anacharsis
1419 1725 1468 1766 ab
1486 1724 1787 1766 Atheniensibus

517 1781 674 1822 civitate
688 1783 865 1822 donatus.
883 1781 1051 1822 Gon-r.

573 1838 647 1875 ead.
658 1837 681 1876 l.
697 1836 733 1876 8.
759 1832 838 1875 Οὔκ
850 1834 912 1888 ἂν)
934 1835 1101 1875 Similem
1117 1835 1354 1875 locutionem
1368 1833 1485 1874 habes
1498 1837 1648 1887 Haepoec.
1671 1846 1703 1875 c.
1720 1847 1788 1888 45.·

517 1888 590 1930 Sed
606 1903 684 1929 non
696 1890 852 1930 eandam
870 1889 1036 1943 prorsus.
1059 1889 1216 1930 SOLAN.
1339 1925 1349 1937 k
1701 1909 1720 1922 κ

573 1945 653 1984 ibid.
678 1941 795 1998 om)
811 1945 870 1984 Sic
884 1944 1085 1997 legendum
1096 1975 1109 1992 ,
1128 1957 1208 1983 non
1220 1938 1334 1982 οὐδ’ἐν·
1350 1942 1428 1981 vid.
1443 1942 1492 1982 'ex
1504 1944 1655 1995 I'Iotpow.
1672 1954 1705 1982 c.
1718 1954 1787 1992 45,

518 1997 629 2037 δοκεῖ
645 1998 691 2037 δὲ
713 1996 799 2038 οὐδὲ
821 1999 1127 2038 ἀναπαύσασθαι
1148 1995 1394 2051 παρασιτῶν,
1417 1996 1447 2037 εἰ
1459 1996 1513 2048 μὴ
1529 1996 1594 2036 καὶ
1608 1995 1784 2050 Ἀγαμέ-

514 2067 615 2103 μνων
630 2052 802 2093 ἀπέθανε.
825 2053 981 2092 SOLAN.

573 2109 646 2147 ead.
660 2109 684 2146 l.
706 2120 763 2161 13.
782 2106 1045 2161 'Eoi-cc‘yopecivae)
1066 2105 1209 2146 Delevi
1230 2105 1308 2145 iota
1321 2103 1570 2157 subscriptum
1583 2135 1594 2152 ‚
1615 2103 1721 2157 quod
1743 2104 1787 2144 in

518 2159 686 2201 Parisma
698 2163 753 2201 ed.
768 2160 915 2201 sensum
929 2161 1127 2200 turbabat:
1140 2173 1220 2200 non
1230 2160 1331 2200 enim
1343 2158 1395 2199 est
1405 2159 1573 2205 dativus,
1586 2157 1646 2198 sed
1660 2159 1784 2198 nomi·

517 2216 673 2255 nativus
685 2216 819 2257 dualis.
841 2216 989 2254 RmTz.

574 2270 665 2322 Pag.
683 2284 697 2308 1
711 2284 769 2322 55.
785 2272 806 2308 l.
826 2284 862 2322 9.
875 2269 1067 2310 Νησιώτης
1080 2266 1228 2322 ἐκεῖνος)
1241 2266 1498 2308 Telemachus
1509 2265 1650 2306 scilicet
1663 2278 1709 2305 ex
1724 2265 1782 2304 in-

517 2324 599 2365 sula
615 2325 760 2373 Ithaca,
772 2325 935 2364 Homer.
947 2323 1022 2363 Od.
1037 2330 1085 2371 Δ,
1101 2323 1269 2362 Menelai
1286 2322 1444 2361 domum
1461 2333 1510 2360 ex
1526 2332 1635 2365 auro,
1649 2332 1784 2372 argen-

518 2389 577 2427 to,
597 2379 762 2427 electro,
782 2379 823 2419 ἃ
836 2378 953 2417 ebore
972 2378 1235 2417 concinnatam
1252 2389 1343 2416 cum
1355 2375 1508 2428 stupore
1521 2373 1690 2426 quodam
1707 2373 1783 2412 mi—

520 2444 639 2472 ratur.
663 2433 809 2473 COGN.
829 2433 919 2472 Vid.
934 2432 1096 2470 Homer.
1112 2429 1251 2482 Odyff.
1268 2436 1315 2477 Δ,
1332 2444 1397 2480 74.
1423 2427 1579 2467 SOLA'N.
1784 2450 1786 2452 ·

575 2490 647 2526 ead.
663 2488 686 2528 I.
707 2501 764 2541 13·
784 2486 963 2539 nomm)
978 2485 1114 2541 Quem
1133 2486 1277 2534 innuat,
1292 2483 1462 2524 nondum
1475 2482 1608 2536 reperi.
1623 2480 1787 2522 SOLAN.
