1768 3185
110 232 179 278 IN
200 229 550 301 QUOMODO
569 229 731 275 HIST.
750 228 850 276 SIT
867 227 1129 274 CONSCR.
1203 247 1286 294 511.

22 333 98 362 tes:
113 323 197 360 reela
208 333 295 360 cum
307 321 344 359 in
357 335 472 360 cornu.
493 319 617 373 Igitur
635 320 675 358 in
686 318 876 371 transversi>
888 319 1020 371 agmine
1033 319 1160 371 plures
1177 320 1294 373 longe

30 374 198 415 adversis
211 373 402 414 frontibus
415 373 528 413 fimul
541 386 775 413 concurrere
792 372 966 427 poffunt,
982 372 1043 413 sed
1063 374 1254 426 parciores
1274 388 1296 413 a

30 440 144 482 tergo
159 428 322 476 habent,
333 428 399 480 qui
412 428 450 466 in
466 429 590 481 prima
605 428 689 466 acie
704 439 894 479 pugnant:
910 428 948 466 in
960 431 1043 467 reao
1056 428 1188 478 agmine
1205 441 1298 466 con-

0 523 1 532 ,
28 484 146 522 traria
157 482 311 522 omnia:
331 482 531 534 pauciores
544 480 655 520 simul
669 492 933 529 concurrunt,
946 481 1074 533 plures
1091 479 1157 519 sibi
1179 493 1200 519 a
1219 493 1295 520 ter-

30 549 84 588 go
101 534 260 589 poss'unt
273 534 486 575 succedere.
501 535 579 574 Hic
594 533 768 587 scriptor,
782 547 898 587 quem
911 534 1149 586 reprehendit
1161 534 1299 574 Lucia-

28 601 103 629 nus
114 619 127 636 ‚
145 588 296 628 miscuit
309 589 460 636 omnia,
480 588 522 628 δι
537 587 762 640 transversum
776 602 895 640 agmen
908 589 1001 628 dixit
1019 590 1054 627 in
1073 604 1174 627 comu
1195 591 1297 635 duci,
1310 612 1320 629 ι

31 642 154 696 (unde
166 647 285 682 reama
296 643 430 695 potius
443 657 559 695 agmen
573 643 719 696 oritur)
735 656 806 695 pro
820 655 870 682 eo
882 673 896 689 ,
909 643 1016 694 quod
1029 643 1190 682 debebat
1202 643 1300 682 dice-

32 709 97 743 re,
111 698 148 735 in
152 695 313 748 frontem.
326 696 364 736 Si
376 696 441 736 cui
455 697 548 735 haec
561 697 722 748 abrupta
734 697 846 736 nimis
861 696 1068 735 videantur
1082 707 1147 735 aut
1159 695 1301 736 obscu-

29 762 91 790 ra:
114 762 153 790 at
174 750 238 790 ille
257 750 298 789 in
318 762 455 789 manus
476 749 599 789 sumat
620 750 859 797 Attianum,
879 762 1005 802 neque
1019 750 1179 790 dubium
1195 751 1302 804 quid·

29 816 151 858 quam
165 804 201 844 ei
213 803 307 844 telin
336 814 463 844 uetur.
476 802 607 844 Girsu.

87 860 161 897 ead.
173 859 195 896 l.
212 872 248 898 2.
259 857 319 910 ’Op
339 857 423 910 ίαν)
440 856 584 896 Deerat
597 857 690 896 haec
702 869 786 896 vox
803 858 843 896 in
861 858 1040 897 omnibus
1058 857 1246 910 vulgatis,
1261 859 1302 898 δε

31 910 72 950 in
86 911 167 964 ipso
182 912 239 951 M.
253 923 333 951 non
346 909 426 951 fine
442 909 592 950 summo
605 910 810 951 sententiae
822 911 1025 964 dispendio.
1041 910 1302 964 Reposuimus

30 964 165 1018 itaque
178 978 228 1005 ex
239 965 298 1004 ed.
311 965 342 1004 I.
356 964 470 1017 Quid
481 964 526 1003 slt
546 976 672 1004 autem
689 966 784 1015 ὀρθία
798 965 971 1018 φάλαγξ
982 995 994 1014 ,
1010 966 1100 1018 quid
1113 966 1271 1018 <rm-yla<
1288 996 1301 1012 ‚

37 1031 87 1059 ex
105 1019 274 1059 Tafficis
285 1019 502 1071 petendum.
511 1019 564 1058 V.
576 1019 674 1058 Pott.
689 1018 752 1058 De
770 1018 831 1060 ἐπὶ
844 1021 950 1069 κέρως
962 1020 1049 1058 vide
1059 1019 1241 1070 Thucyd.
1253 1020 1305 1069 1¹,

35 1086 100 1126 90.
115 1073 272 1113 SOLAN.
285 1072 389 1113 Cum
409 1073 499 1112 illud
512 1073 621 1124 ὀρθίαν
633 1085 681 1111 ex
702 1075 795 1112 lunt.
813 1072 1021 1112 admiserim
1034 1104 1047 1120 ,
1061 1073 1166 1126 quod
1179 1073 1306 1113 sensus

38 1125 272 1180 postulabat,
286 1125 495 1167 neceffario
507 1127 620 1166 eriam
635 1126 852 1166 versionem
866 1126 1038 1173 Gesneri‚
1054 1140 1152 1179 quae
1167 1127 1212 1166 ad
1223 1128 1309 1167 vul-

41 1192 168 1234 gatam
183 1180 280 1220 faeta
300 1192 402 1228 erat,
423 1181 581 1220 mutavi.
599 1180 639 1219 ld
654 1179 682 1219 si
699 1193 898 1234 peccatum
920 1181 993 1229 est,
1018 1182 1106 1220 mihi
1122 1180 1307 1220 adscriba-

38 1245 119 1274 tur.
135 1234 280 1274 Rmz.
300 1234 423 1274 Etiam
440 1233 518 1274 fine
530 1234 594 1274 illo
609 1235 722 1286 ὀρθίαν
743 1234 872 1287 (quod
887 1234 986 1275 forte
1001 1235 1210 1275 correctori
1221 1235 1309 1275 Iun-

40 1290 142 1328 tinae
156 1287 341 1342 debetur)
356 1287 483 1328 sensus
497 1287 720 1337 absolvitur,
732 1289 770 1328 δι
783 1289 934 1341 quidem
949 1288 1183 1341 aliquantum
1199 1301 1309 1342 argu-

37 1343 138 1391 tius,
152 1342 262 1396 quod
281 1342 449 1382 brevius.
466 1343 648 1395 Obliquum
661 1355 779 1394 agmen
791 1373 805 1389 ‚
820 1343 862 1382 &
881 1356 1011 1382 tamen
1031 1344 1129 1382 idem
1151 1344 1189 1382 in
1204 1359 1310 1387 cornu

38 1399 156 1436 ducere
167 1397 261 1435 dixit
274 1396 427 1449 ineptus
446 1394 618 1448 scriptor,
640 1409 741 1449 quae
755 1408 973 1450 repugnant
984 1427 996 1446 ,
1014 1410 1104 1437 cum
1117 1397 1152 1435 in
1160 1396 1310 1448 frontem

41 1450 245 1490 dicendum
257 1449 361 1489 effer.
376 1449 506 1490 stn.

94 1504 177 1543 ibid.
188 1504 270 1543 Ἐπὶ
282 1503 417 1558 κέρως)
431 1502 546 1543 Conf.
562 1504 699 1544 iterum
715 1516 749 1543 c.
764 1518 812 1556 37
832 1503 943 1544 huius
960 1503 1062 1544 Dial.
1082 1503 1241 1544 SOLAN.

97 1560 173 1597 ead.
188 1559 211 1596 l.
228 1553 445 1611 3.“Απαντα
455 1556 496 1608 ἐξ
511 1556 656 1611 ἀρχῆς)
670 1558 872 1598 Habemus
887 1558 948 1597 hic
963 1560 1085 1610 capita
1095 1558 1240 1598 summa
1253 1573 1314 1599 re-

43 1625 130 1652 rum
143 1612 184 1650 in
197 1624 248 1651 eo
261 1612 364 1651 bello
376 1611 577 1663 gestarum.
598 1611 742 1652 Deleto
755 1612 857 1651 enim
881 1612 919 1650 in
937 1613 1123 1651 Armenia
1136 1612 1316 1652 Severiaa

44 1679 100 1706 no
110 1696 123 1714 ,
138 1664 264 1705 Parthi
278 1665 433 1718 Syriam
445 1666 688 1714 invaserum3
703 1666 802 1705 unde
814 1678 836 1704 a
847 1664 975 1705 Caffio
997 1665 1198 1711 summoti,
1219 1680 1313 1720 pro-

44 1720 138 1774 priis
158 1719 321 1759 urbibus
341 1718 542 1759 consulere
564 1719 686 1759 coaffi
704 1718 812 1768 sunt,
839 1732 1000 1772 quarum
1024 1730 1155 1759 tamen
1176 1733 1314 1774 magna

44 1785 134 1827 pars
145 1785 278 1826 captae
289 1773 332 1813 &
343 1773 577 1813 combustae.
590 1773 634 1812 ln
649 1773 763 1813 titulo
774 1803 786 1822 ,
799 1785 916 1827 quem
929 1772 1053 1813 statim
1065 1774 1168 1826 leges
1178 1803 1188 1822 ‚
1205 1775 1316 1814 omis-

47 1827 88 1867 sa
103 1826 157 1867 est
170 1826 297 1878 Syria.
312 1826 474 1868 SOLAN.

103 1884 176 1920 ead.
187 1881 210 1920 l.
226 1894 257 1931 5.
267 1881 440 1934 Τίγρητι)
453 1881 515 1921 Sic
526 1879 703 1921 scribitur
716 1881 751 1919 in
764 1881 821 1920 M.
835 1880 876 1921 L.
889 1881 929 1919 δι
941 1880 1220 1921 recentioribus
1231 1881 1314 1920 edd.

47 1935 95 1974 B.
113 1949 149 1974 2.
164 1935 209 1973 P.
223 1936 262 1973 S.
276 1933 320 1974 &
332 1935 381 1973 A.
398 1934 454 1974 At
468 1935 507 1974 in
524 1945 616 1974 antt.
635 1939 788 1986 Τι”γριτι
799 1964 809 1982 ,
823 1945 958 1974 contra
972 1947 1087 1987 quam
1108 1934 1318 1975 observant

50 1987 273 2040 Hesychius
286 1988 327 2028 &
339 1988 596 2028 Suidas.Vide
607 2000 736 2028 tamen
752 2001 786 2029 c.
802 2002 848 2040 ¹9
861 2019 872 2037 ,
892 1989 956 2028 ubi
969 1988 1071 2028 τεξὶε
1087 1989 1122 2027 in
1136 1989 1322 2029 omnibus

49 2041 238 2082 scribitur.
256 2041 414 2082 SOLAN.

107 2098 182 2134 ead.
195 2096 218 2135 l.
230 2109 268 2146 7.
286 2099 616 2148 Συγγεγραφὲνιιι
642 2094 763 2148 φησὶ)
782 2095 839 2135 Ita
856 2095 1023 2136 Photius.
1046 2094 1163 2134 Forte
1183 2095 1323 2136 Antio-

54 2149 153 2189 chus
163 2148 338 2203 Sopbista
349 2148 452 2188 Cilix
462 2179 474 2195 ‚
499 2150 544 2188 de
557 2162 640 2202 quo
653 2149 895 2189 Philostratus
907 2150 949 2190 L.
970 2149 1004 2188 ΙΙ
1019 2150 1063 2188 de
1081 2150 1168 2189 vitis
1182 2150 1323 2203 Sophi-

53 2203 193 2243 starum
206 2233 218 2251 ,
233 2203 300 2243 ubi
311 2216 395 2243 eam
411 2203 601 2243 historiam
620 2202 797 2256 scripsisse
811 2205 872 2242 ait.
890 2204 951 2242 LA
965 2203 1128 2242 Cnozr.

109 2259 187 2296 ead.
199 2257 223 2295 l.
241 2269 301 2295 ιο.
313 2256 507 2310 Δόλιχον)
522 2257 623 2296 Mire
637 2257 734 2296 hanc
750 2269 888 2297 vocem
906 2257 1037 2296 Suidas
1047 2287 1058 2303 ,
1072 2258 1112 2296 &
1122 2287 1133 2303 ,
1147 2269 1264 2309 quem
1280 2257 1325 2296 il·

56 2309 106 2350 lic
121 2309 320 2357 exscribit,
337 2310 605 2364 Aristophanis
624 2309 851 2350 Scholiastes
873 2312 1190 2363 interpretantur,
1217 2322 1258 2350 ut
1276 2323 1325 2350 ex

59 2365 115 2403 eis
132 2364 224 2404 certi
244 2364 335 2403 nihil
349 2365 433 2404 elici
452 2363 576 2417 poffit.
598 2364 696 2404 Xen.
711 2364 778 2404 sub
792 2363 908 2404 finem
924 2365 979 2405 lV
999 2364 1119 2409 Ἀναβ.
1132 2365 1245 2416 pueris
1257 2363 1327 2403 sta-

56 2418 175 2466 dium,
191 2417 249 2457 uti
271 2417 317 2457 δέ
333 2417 437 2457 Paus.
458 2431 547 2470 179,
564 2432 601 2471 3,
620 2418 766 2464 tribuit,
790 2419 873 2458 viris
889 2418 1058 2470 ὃὸλιχον.
1075 2418 1193 2456 Erant
1212 2418 1327 2457 etiam

62 2471 228 2511 Athenis
239 2484 449 2524 puerorum
466 2472 694 2511 certamina:
711 2472 852 2511 Athen.
869 2486 940 2525 495
955 2472 996 2510 F.
1008 2471 1123 2510 Erant
1135 2472 1176 2511 δε
1187 2471 1330 2523 Olym-

60 2527 167 2578 piae:
179 2523 284 2566 Paus.
295 2525 411 2566 Eliac.
421 2524 468 2565 11.
480 2526 550 2566 Sed
562 2525 750 2579 nusquam
763 2527 817 2566 eis
829 2525 987 2579 δόλιχον
1000 2525 1114 2565 tribui
1126 2525 1255 2567 video.
1264 2526 1327 2566 Ni-
