1841 3180
497 244 587 309 338
854 241 1418 290 VARIAE

488 345 547 373 ,ve
563 333 648 373 edit.
663 332 772 386 saepe
788 342 940 375 notata,
956 330 1021 370 etsx
1038 331 1076 371 &
1091 330 1141 370 fic
1155 329 1254 369 Cod.
1265 331 1316 368 V.
1329 329 1399 369 Sed
1411 329 1513 370 reete
1528 329 1574 370 C.
1620 334 1693 371 ead.
1706 330 1766 372 Εἷς·

494 387 614 439 δόξαν
634 383 924 439 ὑπερφαίνετοιι)
947 385 1021 425 Pro
1042 385 1092 424 εἰς
1112 386 1256 424 editum
1277 384 1475 436 legebatur
1497 382 1600 436 ὑπέρ.
1619 384 1668 424 Et
1690 398 1764 439 pro

495 440 760 493 ὑπερφαίνετοιι
770 472 782 488 ,
797 451 878 479 erat
891 438 1147 485 ὑποφαίνεται.
1160 438 1440 477 Emendaverat
1449 451 1549 478 vero
1563 438 1628 485 fic,
1644 450 1686 478 ut
1699 441 1765 479 de-

494 495 550 541 di,
567 496 749 540 §olax-nus,
767 506 846 534 non
860 493 997 532 addens
1011 493 1131 539 unde3
1152 491 1213 530 sed
1227 504 1316 532 cum
1339 492 1371 530 id
1390 491 1686 544 frequentiffime
1700 494 1765 532 atl-
1817 531 1819 533 .

497 549 561 587 dat
572 579 583 597 ‚
600 561 678 588 non
691 548 826 587 dubito
838 576 848 592 ,
864 547 955 599 quin
970 546 1009 585 δι
1024 546 1098 585 hoc
1112 558 1159 584 ex
1176 544 1247 584 Ms.
1262 545 1435 584 hauserit.
1453 547 1564 598 Reitz.
1593 547 1685 600 Pag.
1699 549 1764 600 69.

494 604 518 642 l.
543 616 597 651 ¹4·
615 601 752 641 Αὐτοὺς
768 602 781 647 )
801 600 861 640 Sic
879 599 981 639 re&e
1001 600 1045 638 P.
1063 599 1228 639 Ceterae
1253 599 1457 651 pleraeque
1481 600 1581 640 male
1605 596 1759 641 αὐτούς.
1814 606 1819 647 ζ

494 657 584 708 Pag.
598 669 662 704 70.
676 656 699 694 l.
716 669 747 693 1.
759 652 852 705 Γὰρ)
864 653 983 693 Abest
996 654 1088 693 haec
1099 654 1286 705 particula
1299 653 1335 691 in
1346 657 1384 692 S.
1396 653 1513 692 Adest
1529 654 1567 692 in
1581 654 1651 693 W.
1664 653 1762 694 {tem
1811 658 1819 708 ᾗ

492 709 531 747 in
543 710 623 748 edd.
636 710 667 747 I.
682 710 727 747 P.
746 709 799 746 H.
815 707 869 746 Fl.
925 709 948 746 l.
963 722 998 746 2.
1010 706 1169 746 Ἓκέιστη
1183 706 1199 759 )
1214 705 1374 746 ἑκάστην
1388 707 1485 747 male
1495 707 1593 748 Cod.
1608 706 1648 747 P.
1660 709 1762 748 Vul-
1814 709 1819 746 ’ᾖ

492 774 618 814 garam
632 761 785 802 servant
799 762 881 800 edd.
897 762 1065 814 optimae
1079 773 1225 799 omnes.
1279 761 1302 800 l.
1318 773 1350 813 3.
1367 760 1463 814 Καὶ)
1483 760 1542 801 Sic
1559 760 1662 801 reete
1675 763 1761 802 edd.
1809 785 1819 799 4

490 815 547 854 ΡΙ.
563 817 616 855 H.
627 818 655 854 I.
670 817 712 855 P.
732 817 771 855 &
783 815 839 854 M.
850 815 928 855 Ἐπ’
943 815 1041 854 male
1053 815 1098 853 B.
1114 829 1149 853 2.
1180 815 1203 853 l.
1215 829 1252 863 4.
1266 814 1466 866 Διαίρεσιν)
1481 814 1540 854 Sic
1550 815 1633 854 edd.
1646 814 1688 854 &
1700 817 1760 856 M.
1817 832 1819 837 ’

489 870 516 908 l.
536 883 548 907 ι
563 883 592 922 5.
610 868 929 922 Πεπεεροιμένους)
950 868 1252 918 πεπειραμέινους
1275 867 1429 907 ridicule
1448 869 1476 907 Ι.
1533 870 1556 907 l.
1573 883 1630 918 ³7·
1642 870 1704 909 col.
1722 885 1758 910 2.

489 923 556 976 Tb)
569 927 630 963 τον
646 937 765 977 prave
775 924 862 963 edit.
879 922 980 962 Cler.
1031 923 1120 975 Pag.
1133 936 1158 973 7
1168 935 1196 962 1.
1210 922 1233 959 l.
1252 935 1286 962 2.
1300 920 1439 974 Δεήσῃ)
1454 922 1514 962 Sic
1528 923 1557 960 Ι.
1572 923 1615 962 P.
1628 922 1684 962 Fl.
1698 924 1756 963 H.

490 977 531 1015 δι
547 978 603 1016 Μ.
647 978 671 1016 l.
686 993 718 1030 3.
739 975 880 1030 Αὐτῶν)
894 972 998 1025 adv&
1011 977 1048 1014 S.
1065 978 1104 1016 ὅ(
1120 976 1168 1014 Α.
1185 975 1295 1015 male.
1341 976 1363 1013 l.
1379 975 1461 1024 4.’Ὴ
1471 975 1640 1029 μηδὲνᾘὶ
1657 977 1758 1016 delet
1812 974 1817 981 '⁴

488 1030 673 1071 Gronov.
686 1030 803 1071 Adest
815 1032 851 1069 in
864 1030 944 1069 edd.
960 1030 987 1068 I.
999 1029 1054 1068 Fl.
1070 1029 1125 1067 H.
1139 1031 1180 1067 P.
1196 1028 1269 1069 &c.
1322 1030 1346 1067 l.
1364 1029 1401 1068 6.
1417 1029 1497 1082 Δὲ)
1510 1028 1557 1068 s),
1571 1029 1662 1070 Pell.
1680 1031 1758 1070 iro·

488 1086 583 1124 nice.
647 1086 737 1137 Pag.
753 1099 817 1134 72.
833 1086 855 1124 l.
867 1097 904 1134 7.
920 1083 1262 1136 Ἀνοιλελογίσῧοιι)
1281 1082 1599 1135 οὶνοιλελογῆσῧαι
1617 1084 1684 1124 Ex.
1699 1084 1757 1125 Fl.

487 1139 542 1178 At
563 1139 663 1179 reete
685 1139 830 1192 vulgat.
850 1149 1010 1177 tuentur
1034 1138 1064 1176 l.
1083 1138 1126 1176 P.
1149 1138 1202 1175 H.
1223 1138 1264 1178 δι
1282 1136 1380 1177 Cod.
1402 1137 1440 1176 P.
1456 1138 1756 1190 'Avoemo'yiohm

487 1206 606 1246 marg.
623 1195 675 1231 A.
686 1207 698 1231 ι
713 1197 768 1231 W.
825 1193 916 1244 Pag.
929 1206 993 1245 73.
1004 1192 1029 1230 l.
1048 1205 1080 1242 5.
1097 1188 1205 1230 Οὕτω
1217 1190 1234 1243 )
1247 1186 1352 1230 οὗτος
1365 1190 1421 1230 Fl.
1439 1191 1477 1231 δι
1493 1191 1536 1231 L.
1551 1186 1685 1231 Οὕτως
1697 1193 1756 1232 Μ.

487 1247 580 1286 Edd.
595 1245 690 1286 οὕτω
707 1246 870 1286 servant.
912 1247 934 1284 l.
953 1247 989 1285 6.
1002 1244 1120 1298 Ἰδὼν)
1134 1243 1244 1285 sis&
1260 1245 1300 1284 P.
1318 1244 1390 1285 Sed
1403 1245 1495 1284 nihil
1510 1256 1660 1286 mutant
1674 1247 1758 1286 edd.

488 1302 511 1339 l.
531 1298 739 1354 8.”Εο·χες)
760 1300 820 1340 Sic
839 1299 978 1339 habere
998 1299 1027 1338 I.
1051 1300 1104 1338 H.
1119 1298 1173 1338 Fl.
1197 1309 1307 1338 notat
1326 1298 1500 1339 Solanus.
1523 1299 1596 1340 Sed
1615 1300 1656 1340 δι
1670 1301 1757 1341 reli-

484 1368 585 1408 quae
596 1355 646 1395 s1c
660 1354 762 1394 mele
772 1353 925 1394 habent.
958 1355 981 1392 l.
997 1366 1012 1391 1
1022 1367 1056 1392 2.
1069 1354 1132 1392 col.
1151 1367 1185 1392 2.
1199 1352 1288 1405 Καὶ)
1303 1353 1393 1392 Hoc
1403 1352 1582 1393 deficiens
1593 1355 1658 1393 καὶ
1667 1353 1757 1408 sup-

487 1408 608 1462 plevit
622 1408 798 1449 Solanus.
860 1408 938 1446 ibid.
952 1408 973 1446 l.
992 1421 1006 1445 1
1017 1422 1051 1459 3.
1063 1406 1133 1447 Τοῦ
1145 1406 1301 1446 καθόλου
1316 1407 1538 1461 λεγομένου)
1551 1407 1628 1448 Pro
1642 1408 1698 1447 his
1714 1409 1757 1449 δε

486 1476 587 1514 quae
604 1463 830 1517 sequuntur,
850 1461 971 1515 usque
985 1462 1032 1500 ad
1047 1457 1276 1510 ὑφισταμένη
1287 1491 1298 1509 ,
1312 1461 1349 1500 in
1361 1461 1414 1501 V.
1428 1460 1470 1501 &
1483 1462 1542 1501 M.
1557 1461 1756 1514 legebatur

487 1516 556 1557 fic:
571 1517 618 1556 Τὸ
638 1516 790 1556 καθόλου
811 1514 1006 1564 ὑφίστησιν
1027 1515 1110 1554 ἐπεὶ
1131 1514 1236 1564 fans&
1248 1529 1309 1555 τις
1323 1514 1450 1566 φύσις.
1463 1514 1526 1555 Ex
1543 1515 1673 1556 Solani
1688 1529 1755 1556 an-

486 1572 638 1611 notatis.
648 1570 720 1611 Sed
730 1583 800 1623 pro
810 1569 964 1608 καθόλου
976 1569 1032 1608 Μ.
1045 1568 1159 1608 habet
1169 1571 1275 1607 κατὰ
1284 1569 1379 1610 ὅλου.
1391 1569 1504 1622 Reitz.
1533 1570 1557 1609 l.
1571 1584 1629 1619 14.
1641 1571 1704 1610 col.
1717 1585 1732 1610 1
1741 1601 1754 1611 .

484 1625 683 1678 Χρησίμῳ)
708 1623 909 1676 χρησίμως
932 1635 1130 1676 perperam
1151 1623 1287 1676 legitur
1315 1623 1354 1662 in
1381 1623 1508 1663 editis:
1532 1624 1754 1665 emendavit

485 1678 660 1718 Solanus.
690 1680 712 1720 l.
729 1693 742 1718 1
757 1692 790 1730 5.
801 1677 865 1718 col.
884 1691 918 1716 2.
932 1676 1072 1729 Ὓμῶν)
1087 1676 1189 1730 Lege
1201 1675 1316 1728 ἡμῶν,
1329 1677 1508 1730 quamvis
1516 1677 1557 1716 in
1568 1678 1621 1717 M.
1634 1679 1752 1719 etiam

486 1731 587 1783 ὑμῶν
601 1732 657 1772 fit.
671 1734 790 1772 Solan.
829 1732 908 1770 ibid.
922 1732 945 1771 l.
963 1733 1019 1771 16.
1031 1728 1126 1784 Τῶν)
1138 1731 1283 1771 Aberat
1296 1732 1334 1770 in
1348 1731 1434 1770 edit.
1447 1730 1521 1772 Sed
1533 1732 1669 1772 addidit
1679 1733 1755 1775 So«

485 1786 607 1826 lanus.
663 1788 686 1825 l.
709 1786 768 1825 18.
782 1787 843 1826 col.
862 1799 891 1824 1.
904 1785 945 1823 ‘O
960 1786 1130 1833 τέο-σοοροι
1141 1785 1158 1838 )
1171 1784 1266 1825 Illud
1280 1785 1296 1824 ὃ
1310 1784 1485 1825 omissum
1503 1784 1626 1826 fuerat
1639 1787 1678 1826 in
1691 1787 1755 1829 ed.v

484 1840 587 1880 Cler.
613 1853 686 1893 pro
707 1840 878 1892 τέσσαρα.
898 1851 1025 1878 autem
1050 1839 1133 1891 lege
1155 1835 1209 1890 ἕξ.
1234 1838 1488 1892 Quamquam
1507 1840 1600 1880 haec
1617 1842 1751 1881 omnia

483 1895 766 1946 perturbatiora
779 1893 864 1932 sunt
875 1924 886 1941 ,
900 1905 1001 1946 quae
1015 1893 1061 1932 de
1075 1894 1248 1932 numeris
1261 1892 1390 1940 affert,
1405 1904 1450 1933 ut
1462 1893 1504 1933 &
1521 1894 1669 1946 reliqua
1681 1896 1751 1934 ab·

482 1947 593 1988 surda
605 1948 645 1987 &
660 1948 798 1999 inepta.
815 1948 934 1986 Solan.
975 1949 998 1986 l.
1015 1960 1074 1997 19.
1089 1948 1151 1986 col.
1171 1961 1205 1986 2.
1221 1946 1279 1996 Τῷ
1293 1946 1436 2000 masia)
1450 1947 1524 1988 τῶν
1538 1947 1655 1998 φιέίᾳ
1666 1960 1751 1989 erat

482 2003 520 2042 in
541 2003 629 2042 edit.
653 2002 692 2041 δι
706 2001 805 2042 Cod.
828 2002 883 2040 M.
905 2000 976 2040 Sed
997 2000 1050 2050 τῷ
1065 1999 1266 2052 legendum
1281 2001 1368 2054 quis
1386 2013 1468 2041 non
1483 2001 1613 2042 videt?
1663 2003 1745 2044 ibid.

483 2058 508 2096 l.
526 2071 588 2110 23.
604 2053 847 2107 Ἀνοιιρῖνσεις)
861 2052 1055 2107 ὰνοιιρῆωρς
1069 2054 1126 2093 Μ.
1182 2056 1204 2093 l.
1221 2054 1282 2094 28.
1295 2055 1360 2095 col.
1379 2068 1409 2093 1.
1427 2057 1473 2094 Tb
1494 2054 1670 2110 καθόλου)
1690 2057 1748 2097 Ita

480 2124 553 2164 pro
568 2110 730 2162 vulgato
741 2112 802 2148 τὸν
815 2109 968 2148 καθόλου
978 2138 989 2155 ,
1003 2109 1142 2147 iterum
1157 2111 1199 2146 τὸ
1217 2111 1325 2148 κατὰ
1336 2108 1444 2161 μέρος
1463 2122 1535 2162 pro
1547 2111 1624 2156 τὶν,
1637 2111 1746 2163 quod

481 2167 521 2205 in
531 2165 620 2204 edit.
633 2174 734 2212 erat,
748 2164 912 2203 exhibeo
924 2192 934 2209 ,
949 2162 1106 2202 iubente
1118 2161 1274 2202 Solano.
1304 2163 1327 2202 l.
1342 2176 1403 2215 29.
1416 2164 1479 2217 c9l.
1494 2159 1665 2221 2.’‘0‡¹‘[1)
1679 2165 1748 2205 Le-

481 2219 647 2273 gendum
663 2218 828 2257 coniicio
843 2217 1006 2266 ὸνόμοιτι.
1020 2217 1130 2268 Ιίςὶῐζ.
1160 2216 1250 2269 Pag.
1265 2230 1328 2266 74.
1343 2217 1367 2256 l.
1385 2231 1420 2270 3.
1437 2215 1481 2254 Ὠ
1493 2217 1597 2270 παῖ)
1611 2220 1745 2258 ‹zm-tm

481 2286 618 2325 margo
641 2274 696 2311 H.
713 2271 754 2310 &
777 2271 831 2311 Fl.
854 2270 1018 2310 Ceterae
1039 2270 1234 2322 vulgatam
1257 2271 1437 2316 retinent3
1454 2270 1545 2311 item
1564 2271 1606 2310 L.
1626 2272 1682 2311 M.
1707 2272 1748 2312 Ρ.

483 2331 555 2367 ead.
573 2326 717 2379 Ae‘ycov)
731 2327 857 2378 γέλων
870 2325 909 2364 Ρ.
924 2325 960 2364 N
965 2324 1029 2363 ihil
1043 2336 1191 2365 mutant
1202 2324 1284 2364 edd.
1327 2324 1350 2363 l.
1365 2337 1402 2372 7.
1412 2318 1539 2378 '‘Isone)
1552 2325 1612 2365 Sic
1621 2325 1673 2364 Fl.
1687 2327 1744 2368 H.

483 2383 513 2420 I.
528 2382 572 2419 Ρ.
585 2382 624 2419 S.
636 2381 674 2419 &
688 2381 743 2418 M.
774 2380 863 2433 Pag.
876 2393 939 2430 75.
954 2380 975 2417 l.
990 2392 1024 2427 7.
1040 2378 1128 2432 Καὶ)
1141 2377 1203 2418 Sic
1213 2378 1294 2418 edd.
1305 2377 1413 2418 &M.
1427 2378 1567 2418 Kao’B.
1581 2393 1615 2418 2.
1643 2379 1667 2417 l.
1681 2393 1742 2420 10.

477 2434 701 2485 Ἐκέισ-τοις)
717 2433 879 2472 ἑκάστης
891 2434 960 2472 W.
984 2432 1087 2471 Nihil
1108 2443 1257 2472 mutant
1275 2431 1356 2472 edd.
1412 2433 1435 2470 I.
1454 2445 1513 2480 14.
1527 2431 1746 2487 Καταθύῃς)

481 2488 540 2527 Sic
553 2489 596 2526 B.
612 2503 643 2526 2.
656 2488 696 2527 δι
708 2488 762 2526 Μ.
780 2487 969 2539 Reliquae
980 2487 1061 2525 edd.
1075 2486 1171 2525 male
1192 2484 1403 2525 καταδύεις.
1418 2485 1459 2524 In
1472 2487 1519 2525 B.
1539 2500 1573 2525 2.
1593 2498 1744 2527 tantum

481 2541 580 2582 deest
593 2543 672 2582 iota
685 2540 946 2594 lhbscriptum.
961 2539 1159 2583 Καταθὺειν
1172 2539 1302 2582 Vorst.
1369 2540 1392 2579 l.
1409 2553 1423 2579 1
1436 2553 1467 2593 5.
1482 2539 1746 2594 Παρακαλῇς)
