1768 3185
250 150 338 195 IN
389 147 1100 196 TYRANNICIDAM.
1238 164 1329 217 599

61 237 137 280 niis
147 239 289 293 probat
299 269 313 286 ‚
333 239 433 278 inter
445 251 542 292 quae
555 239 695 278 eminet
709 238 800 277 illud
814 238 1004 279 Plutarchi
1023 238 1135 279 Galb.
1149 239 1214 279 τὴν
1227 256 1330 287 σφα-

62 293 139 346 γὴν
148 295 358 344 προτείνας,
370 292 500 344 δρᾶτε,
512 289 607 333 εἶπε.
622 292 745 344 Quod
759 292 863 332 Suet.
874 292 988 333 Galb.
1002 307 1051 332 20
1064 293 1165 342 dicit,
1180 295 1329 348 cbtuhffb

60 348 151 386 ultro
169 347 333 398 iugulum.
345 347 450 386 Turn
470 359 594 400 neque
615 346 773 385 Luciani
788 346 907 385 verba
926 346 1006 386 sola
1020 347 1248 399 adduxeram
1269 351 1330 389 sed

64 400 108 440 δι
124 412 183 447 αι,
203 413 303 452 quae
321 413 414 440 mox
428 412 512 453 cap.
531 400 672 452 penult.
689 399 915 452 sequuntur,
931 401 1175 440 ἀποσπάσας
1193 402 1238 441 δὲ
1261 401 1329 442 τῆς

61 450 238 508 σφαγῆς,
249 454 315 492 καὶ
330 452 396 493 τοῦ
409 454 626 505 τραύματος
642 453 775 505 ἐξελὼν
788 456 831 493 τὸ
846 454 957 504 ξίφος·
972 455 1103 507 (quod
1121 455 1261 496 Erasm.
1278 457 1330 496 ibi

61 509 166 548 ree‘te
179 519 349 547 verterat
360 538 371 556 ‚
387 507 509 558 avulsi>
524 508 630 558 igitur
641 508 714 559 enfi
731 524 746 546 e
757 507 892 560 iugulo)
907 520 976 547 nec
990 521 1068 548 non
1083 509 1226 549 Phalar.
1242 509 1278 556 1,
1293 523 1328 549 c.

65 573 101 612 ς,
113 559 260 610 μᾶλλον
278 561 326 600 s&
346 562 492 614 ’γυμνὴν
505 560 577 602 ἤδη
601 559 761 614 ὑπέχειν
777 560 844 601 τὴν
866 562 1040 614 σφαγὴν,
1057 562 1124 602 ubi
1145 562 1330 603 Gronov.

61 614 165 654 reete
188 615 430 668 reprehendit
446 616 712 667 interpretem,
735 616 802 667 qui
817 616 932 663 haec,
950 618 1075 654 nudam
1089 620 1218 656 caedem
1226 607 1332 670 sufli-

63 684 159 725 nere,
173 669 379 708 convertit.
398 669 471 708 Sed
482 669 558 708 vid.
575 681 674 721 quae
691 669 741 708 ibi
756 679 863 708 noto.
882 669 990 708 Adde
1003 668 1032 707 F
1035 669 1109 709 oes.
1125 671 1162 709 in
1174 670 1330 711 oecon.

64 722 258 775 Hippocr.
276 723 343 761 ubi
357 725 527 775 σφαγὰς
547 735 595 761 ex
619 723 807 776 Hippocr.
828 722 927 761 libro
945 723 1028 774 περὶ
1053 723 1205 770 ἀδέιων,
1228 740 1334 763 venas

62 775 240 827 iugulares
252 774 327 815 effe
341 776 443 815 recte
465 776 596 824 docet,
618 777 660 816 &
681 778 837 828 σφαγὴν
859 777 1010 829 iugulum
1034 775 1263 830 significare,
1283 791 1332 818 ex

60 829 220 870 Polluce
233 829 372 878 tradit;
390 830 554 882 ideoque
568 830 603 869 id
616 829 782 869 verstoni
799 828 950 869 inserui.
973 831 1120 870 Rffirz.
1136 831 1250 872 Plane
1263 832 1333 872 du·

63 882 173 922 bium
186 895 265 922 non
278 883 352 930 est,
368 885 517 937 σφαγὴν
529 882 603 923 effe
615 884 787 936 iugulum
799 914 810 931 ‚
834 884 946 936 idque
960 897 982 923 e
995 884 1150 924 Polluce
1169 887 1241 925 iam
1256 885 1334 925 Ca-

64 937 250 976 merarius
263 938 309 976 de
323 938 494 990 partibus
508 950 616 990 corp.
637 939 740 976 hum.
756 938 797 977 δι
812 937 950 976 Lexica
964 938 1137 991 vulgaria
1150 938 1334 979 observa-

64 1003 168 1030 runt.
183 990 256 1031 Sed
272 990 471 1043 posueram
487 993 525 1030 in
541 991 864 1044 interpretatione,
876 992 1075 1042 gladiumin
1090 995 1187 1031 caede
1199 995 1330 1046 reliqui,

62 1057 146 1084 non
158 1045 277 1086 modo
291 1045 349 1084 uti
364 1045 636 1098 proprietatem
654 1047 763 1084 vocis
776 1045 1030 1097 exprimerem
1044 1061 1056 1093 ·,
1071 1058 1158 1084 nam
1177 1048 1263 1086 ideo
1278 1050 1333 1087 la-

65 1110 168 1138 cuna
185 1098 248 1137 illa
261 1098 360 1138 inter
379 1099 521 1138 κλεῖέα
533 1130 543 1146 ,
563 1097 589 1137 s.
609 1099 763 1152 iugulos
780 1098 975 1138 interieeta
991 1101 1133 1153 σφαγὴ
1152 1112 1334 1150 vocatur,

66 1152 175 1204 quod
190 1152 299 1192 locus
311 1151 374 1192 ille
386 1153 430 1192 ad
445 1155 622 1191 maritanda
638 1166 758 1206 parva
770 1153 809 1191 vi
822 1153 996 1192 animalia
1007 1164 1250 1206 opportunus
1263 1154 1332 1195 est:

64 1206 128 1245 sed
142 1207 257 1246 etiam
273 1207 378 1258 quod
390 1206 697 1246 obversabantur
713 1207 922 1246 memoriae
936 1210 1074 1258 poetae
1087 1208 1220 1255 verba,
1233 1222 1334 1261 quae

70 1260 147 1299 iam
167 1272 352 1313 quaerere
371 1273 452 1299 non
476 1271 611 1308 vacat,
633 1262 846 1314 gladiumque
864 1262 899 1298 in
915 1263 1010 1300 caede
1028 1262 1169 1314 reliquit.
1187 1262 1334 1302 Confer

67 1326 168 1367 quae
183 1327 278 1354 mox
292 1314 462 1354 dicenrur
474 1315 519 1353 ad
532 1314 726 1361 Phalar.1,
740 1313 755 1363 §
775 1328 804 1365 5.
818 1312 943 1354 GESN.

120 1367 212 1419 Pag.
226 1381 313 1420 320.
327 1369 351 1406 l.
368 1382 400 1407 2.
412 1367 558 1421 Ὑμεῖς)
572 1367 827 1420 Quamquam
842 1366 1008 1406 Parisma
1027 1367 1193 1408 habebat
1213 1366 1333 1420 ὗμεΐς,

66 1420 107 1461 in
118 1421 298 1461 versione
309 1433 438 1460 tamen
454 1424 555 1462 reete
569 1421 796 1475 expresserat
808 1436 881 1460 vos.
898 1421 1045 1460 ΚΕΗ-Ζ.

68 1504 74 1507 -
123 1477 196 1514 ead.
211 1476 236 1514 l.
250 1489 282 1527 5.
296 1478 406 1514 Μέλει
419 1475 466 1515 δέ
481 1490 535 1514 σοι
549 1475 629 1515 πῶς
642 1475 867 1528 ἄπέθανενς)
887 1475 978 1514 Non
995 1477 1048 1514 ita
1070 1476 1236 1529 populus
1250 1476 1336 1516 Ro.

70 1542 230 1575 manus,
248 1529 295 1568 de
308 1528 486 1582 quoCic.
502 1529 606 1568 Fam.
626 1543 671 1581 9,
690 1541 757 1568 10:
782 1531 826 1567 Te
841 1532 902 1568 lzoc
908 1529 998 1581 scire
1015 1531 1114 1576 volo,
1135 1532 1336 1570 vehementer

65 1583 230 1636 populum
236 1582 421 1634 sbllicitum
429 1582 536 1635 fitff
545 1586 585 1622 de
597 1583 642 1622 P.
657 1584 776 1622 Sullae
784 1596 900 1629 morte,
915 1595 1095 1633 antequam
1118 1599 1240 1623 certum
1247 1585 1335 1636 ficie-

69 1637 126 1676 n't.
140 1638 248 1676 Nunc
256 1652 408 1689 quaerere
419 1640 602 1689 desierunt,
615 1638 778 1690 quomodo
786 1637 927 1688 perierit.
944 1637 1041 1675 Satis
1051 1649 1178 1688 putant
1184 1637 1333 1690 sescire,

68 1692 161 1744 quod
167 1690 294 1741 sciunt.
311 1690 437 1731 GESN.

123 1748 197 1783 ead.
219 1745 243 1783 l.
265 1744 300 1783 8.
315 1747 371 1783 Ϊὲι
387 1744 432 1783 δὲ
447 1743 518 1784 διὰ
529 1743 677 1797 μέσον)
697 1743 753 1783 Ita
770 1743 842 1783 Ms.
864 1743 961 1796 Reg.
983 1756 1053 1796 301
1066 1756 1096 1782 1.
1119 1743 1162 1782 In
1182 1743 1263 1784 edd.
1288 1744 1334 1786 ἑὲ

72 1797 269 1850 legebatur
282 1797 366 1850 post
377 1798 506 1848 μέσου.

72 1904 110 1944 R
125 1854 197 1891 ead.
209 1852 233 1890 l.
248 1865 306 1900 17.
321 1851 512 1904 Ἐνὸεῖτι)
525 1854 565 1889 Tu
583 1850 620 1889 in
633 1849 714 1890 edd.
735 1849 930 1899 deficiens,
948 1849 1187 1904 reposuimus
1199 1865 1246 1891 ex
1261 1851 1335 1892 ΜΓ.

112 1918 160 1945 ev
188 1920 210 1945 2
293 1934 303 1944 .

129 1919 236 2013 13:13?
235 1920 260 2012 35
262 1921 292 1998 {²
292 1971 324 1998 1.
337 1961 360 1997 l.
376 1958 411 1997 8.
421 1956 556 1997 Ταῦτα
567 1989 578 2008 ,
596 1957 626 1996 εἰ
645 1957 726 2011 καὶ)
741 1959 814 1998 Hic
827 1957 926 1997 deest
942 1958 1108 1998 verbum
1123 1957 1258 2007 τελεῖν,
1270 1970 1338 1999 aut

72 2011 191 2052 fimile
202 2013 307 2066 quid.
321 2012 488 2053 GUYET.

129 2069 202 2106 ead.
215 2068 240 2106 l.
253 2066 364 2118 9.²'Ex.
374 2066 447 2119 γε)
459 2065 520 2105 Sic
532 2065 571 2105 P.
584 2065 621 2104 in
634 2065 790 2118 reliquis
800 2064 851 2104 est
863 2064 904 2104 ἐκ
919 2079 972 2103 τε.
987 2065 1146 2105 SOLAN.

125 2121 206 2160 ibid.
220 2119 503 2172 Καταστάντα)
523 2119 588 2158 An
606 2121 885 2171 παρασταντας
905 2118 1072 2159 GUYET.
1089 2119 1253 2171 Accipio
1268 2135 1337 2159 κα·

73 2174 279 2214 ταστέιντα
294 2173 465 2213 iudiciali
481 2172 777 2225 significatione,
799 2173 866 2212 ubi
881 2172 1064 2225 fignificat
1081 2176 1169 2225 flare
1188 2175 1223 2211 in
1246 2175 1338 2213 iudi-

73 2229 129 2267 cio
139 2257 154 2274 ,
172 2240 253 2280 quo
279 2226 383 2266 sensu
404 2229 570 2279 confistere
585 2226 825 2266 Tertulliano
849 2227 890 2265 &
913 2227 994 2265 aliis
1022 2226 1121 2266 ICtis
1144 2227 1337 2267 usitatum.

76 2281 261 2334 Thucyd.
276 2281 317 2329 1,
333 2295 420 2334 131,
432 2281 654 2320 καθίστησιν
667 2279 796 2319 ἑαυτὸν
808 2281 843 2319 ἐς
856 2281 966 2331 κρίσιν
980 2295 1013 2319 κ.
1027 2295 1064 2319 τ.
1078 2291 1113 2319 λ.
1127 2280 1254 2320 GESN.

131 2337 205 2374 ead.
219 2335 242 2373 l.
263 2348 277 2373 1
288 2349 320 2387 3.
333 2334 400 2374 Τῆς
411 2336 564 2387 γνώμης
577 2334 708 2387 μόνης)
723 2334 848 2374 Antea
861 2335 898 2372 in
911 2335 1088 2373 omnibus
1102 2335 1211 2373 aliter
1226 2336 1340 2373 inter-

78 2388 345 2441 pungebantur
365 2389 457 2428 haec
478 2387 618 2435 verba,
642 2387 684 2428 &
705 2387 814 2437 μόνος
836 2400 909 2439 pro
929 2388 1040 2437 μόνης
1063 2387 1271 2439 legebatur,
1291 2388 1337 2428 ad

76 2442 182 2482 hunc
194 2443 372 2483 medum:
388 2442 580 2496 ἐπειράθην
590 2439 659 2483 τῆς
672 2442 840 2496 γνώμης,
852 2441 959 2493 μόνος
971 2441 1048 2482 διο.
1062 2442 1168 2481 nullo
1183 2453 1248 2481 aut
1260 2453 1342 2482 cer-
