1768 3185
153 183 226 229 IN
245 182 589 254 QUOMODO
609 182 769 230 HIST.
789 183 888 232 SIT
909 183 1170 233 CONSCR.
1240 188 1302 249 48
1311 197 1342 254 ς’

62 263 118 305 tls
132 263 208 306 sese
225 265 559 320 subsequentibus,
577 269 693 309 unius
710 281 894 310 accentus
913 270 950 309 in
967 269 1125 310 alteram
1141 272 1337 322 transiret;

61 318 206 374 alioqui
216 319 454 361 scribendum
466 321 590 361 fuiffet
601 323 674 362 που
685 338 741 363 σε·
754 325 862 378 quod
874 323 1112 378 significatio,
1124 325 1243 378 quam
1261 326 1338 368 ποῦ

59 371 124 413 hic
137 373 268 421 habet,
284 375 353 414 vix
367 376 522 428 patitur.
535 375 684 416 Rzrrz.

126 427 206 466 ibid.
230 430 521 482 Γεγροιμμὲνον)
546 430 724 469 Meminit
747 430 860 470 huius
878 431 1087 471 Terentius
1105 431 1203 471 Eun.
1219 433 1273 478 V,
1296 433 1338 474 8.

58 477 217 521 Plautus
226 482 342 522 etiam
355 483 392 521 in
405 483 518 522 Trin.
531 484 640 524 initio
653 483 752 536 ipso,
772 485 812 524 &
825 483 923 524 Pers.
942 498 972 536 5.
989 485 1091 525 Vide
1102 486 1217 526 etiam
1233 486 1334 539 Plut.

64 534 187 582 1406,
203 549 225 574 2
236 565 249 581 ,
263 549 346 588 quo
360 537 399 575 in
412 536 503 577 loco
516 538 685 589 ῥαπίζειν
699 537 913 590 legendum.
927 538 1084 578 SOLAN.

112 591 184 627 ead.
199 589 221 627 I.
236 590 328 640 9.Ἐν
341 590 537 642 κροκωτῷ)
549 590 775 631 Plutarchus
790 605 948 645 quoque
964 592 1101 639 scribit,
1120 593 1333 634 Herculem

59 643 322 695 κροκωτοφόρον
341 645 445 697 pingi
457 643 623 684 solitum.
636 644 808 685 Crocota
828 658 955 685 autem
968 647 1094 686 crocei
1108 647 1252 687 coloris
1266 660 1336 688 ve-

57 693 132 736 stis.
150 696 257 736 Non.
270 698 442 738 Marcell.
456 699 621 738 Vonsr.
637 699 774 751 Quem
787 700 934 739 cultum
947 713 1074 739 tamen
1089 701 1277 755 deinceps,
1289 711 1335 742 ut

58 747 104 788 &
123 750 299 790 Herculis
313 752 489 798 titulum,
506 751 700 794 affeaavit
715 752 971 794 Commodus.
984 755 1192 794 Herodian.
1205 755 1222 794 Ι
1234 786 1247 802 ,
1263 769 1336 805 14,

63 803 130 843 16:
145 803 442 856 &wosvco‘qaevbe
462 820 506 845 τε
522 810 565 846 τὸ
575 805 754 858 Ῥωμαίων
772 807 838 846 καὶ
854 808 1042 853 βασίλειον
1054 807 1198 860 σχιῖμοι
1208 839 1222 855 ,
1234 820 1338 853 λεον-,

56 854 124 896 τὶἷν
137 854 413 911 ὑπεστρώννυτο
427 859 492 898 καὶ
507 857 673 912 ῥόπαλον
690 862 799 911 μετὰ.
814 860 948 914 χεῖρας
959 862 1093 913 φέρειν,
1108 863 1334 911 ἁμφιέννυτο

57 923 103 950 τε
115 909 312 966 ἅλουργεῖς
327 913 392 953 καὶ
411 914 641 967 χρυσουφεῖς
656 913 842 961 ἐσθῆτας,
862 913 910 956 ὣς
925 910 1018 955 εἶναι
1035 917 1335 967 καταγέλαστον

59 960 172 1006 adm
183 968 248 1006 καὶ
259 965 316 1016 ὑφ’
325 965 372 1008 ἑνὶ
384 965 567 1021 σχήματι
579 968 735 1009 θηλειῶν
747 970 999 1009 πολυτέλειαν
1011 969 1075 1007 καὶ
1088 966 1202 1021 ἦρώων
1216 969 1334 1022 ἰσχὺν

53 1020 359 1070 μιμουμενοΜΙ.
372 1021 413 1061 8(
427 1020 622 1074 Aristoph.
638 1027 747 1075 Βοιτρ.
764 1035 850 1076 pag.
864 1037 936 1073 94,
956 1037 990 1061 2.
1010 1022 1168 1062 sorim.
1183 1023 1333 1064 Confer

57 1072 306 1127 Aristophan.
320 1075 420 1115 Ran.
433 1076 484 1124 46
495 1104 506 1123 ‚
523 1076 562 1115 δι
576 1077 621 1115 ad
635 1089 724 1116 eum
738 1088 836 1116 nott.
853 1076 916 1116 Ez.
936 1076 1074 1129 Spanh.
1089 1078 1155 1130 qui
1171 1076 1212 1116 δι
1226 1078 1333 1118 hunc

57 1125 216 1167 Luciani
229 1128 360 1169 locum
374 1127 499 1178 affert,
511 1130 554 1169 &
565 1130 751 1170 muliebre
762 1130 838 1170 hoc
850 1130 1062 1170 vestimenti
1074 1143 1195 1183 genus
1206 1144 1332 1185 expo-

59 1181 116 1220 nit
137 1194 187 1222 ex
199 1181 408 1230 Athen.V‚
425 1183 514 1237 198,
524 1185 728 1237 pellucidum
747 1185 928 1224 amiculum
941 1215 953 1233 ,
970 1189 1061 1238 quod
1074 1185 1183 1239 supra
1196 1201 1335 1239 purpuq

54 1249 146 1274 ream
157 1237 307 1276 tunicam
318 1238 477 1277 iniict‘tur.
493 1238 636 1277 REITz.

114 1292 189 1329 ead.
202 1292 226 1330 l.
242 1304 301 1330 ιο.
314 1291 525 1385 Σανὸάλςίοῐ)
537 1292 599 1333 Sic
612 1305 684 1346 pro
697 1291 896 1341 σοινέοιλίῳ
908 1291 1126 1333 constanter
1139 1292 1279 1345 legitur
1289 1293 1331 1333 in

55 1342 140 1383 edd.
157 1354 251 1384 vett.
270 1358 366 1397 quas
380 1358 480 1386 excu
512 1361 545 1393 1,
569 1346 610 1386 δι
632 1345 754 1395 re&e;
770 1346 976 1399 (quamvis
995 1357 1206 1400 utrumque
1227 1348 1330 1387 dica-

57 1397 156 1450 tur.)
172 1399 262 1438 Vid.
278 1399 389 1453 supra
404 1398 527 1440 Deor.
543 1399 732 1440 Dia1.X11
747 1414 795 1439 m.
812 1400 874 1440 ubi
889 1399 997 1453 plane
1017 1401 1113 1440 idem
1132 1402 1202 1440 ait:
1219 1401 1332 1441 παιό-

56 1465 167 1501 μενος
178 1449 250 1492 ὖσνο
262 1451 330 1493 τῆς
345 1454 541 1504 Ὀμφάλης
553 1454 686 1507 χρυσῷ
701 1454 898 1504 σανὸάλῳ.
919 1454 962 1492 Et
976 1454 1078 1493 Dial.
1094 1454 1149 1493 XI
1165 1468 1214 1494 m.
1230 1467 1332 1495 πλη-

56 1507 139 1558 ’γὲις
151 1504 255 1556 αὐτῷ
267 1508 427 1547 ἐνέτεινα
439 1530 484 1536 -
495 1507 549 1556 τῷ
566 1507 765 1557 σανδάλῳ,
777 1508 818 1547 &
829 1507 879 1547 sic
891 1508 979 1547 alibi
994 1521 1074 1547 non
1089 1507 1219 1548 semel:
1235 1522 1332 1561 qua-

57 1572 101 1599 re
116 1560 192 1600 hoc
206 1562 391 1614 praetuli,
407 1562 497 1614 quia
510 1561 654 1601 Nostro
671 1561 845 1601 usitatius
862 1561 925 1602 est.
940 1562 1146 1601 Addiderat
1162 1563 1215 1601 La
1227 1562 1330 1602 Cro·

54 1626 99 1653 ze
111 1643 123 1661 ,
138 1616 216 1654 vid.
227 1615 385 1656 Terent.
399 1614 476 1655 fine
488 1615 612 1655 dubio
624 1614 827 1668 respiciens
839 1615 899 1654 illa
912 1616 948 1654 in
963 1615 1136 1655 Eunuch.
1148 1617 1202 1663 V,
1218 1615 1240 1653 8
1253 1646 1265 1663 ‚
1279 1630 1328 1664 4:

61 1669 207 1708 Utinam
221 1671 282 1708 tibi
301 1670 522 1721 commitigari
545 1671 674 1709 videam
682 1669 848 1721 sandalio
862 1682 978 1723 caput:
995 1670 1056 1709 Ad
1081 1682 1183 1723 quae
1204 1670 1323 1710 inter-

55 1734 167 1775 prett.
182 1726 292 1776 plura
306 1725 352 1764 de
364 1722 545 1764 sandaliis.
561 1722 709 1763 RErrz.

109 1779 184 1816 ead.
199 1779 222 1816 l.
243 1777 299 1816 16.
311 1777 538 1831 Ἀσὺφηλον)
555 1778 659 1819 Flor.
672 1778 712 1817 &
729 1777 845 1830 Angl.
868 1777 1084 1828 ἀσύμφυλον
1099 1776 1140 1816 &
1153 1776 1329 1825 ἰισὺμφη-

55 1842 127 1870 λον.
143 1831 596 1885 Bounn.‘Ao-z‘1,uwmv)
611 1833 777 1871 Variant
799 1832 860 1871 hic
883 1831 984 1870 libri:
1005 1830 1065 1870 sed
1085 1843 1177 1879 yera
1197 1832 1238 1870 δι
1261 1843 1328 1882 ge-

58 1884 303 1925 nuinaleffio
323 1884 400 1931 est,
414 1898 530 1938 quam
543 1898 593 1925 ex
613 1888 685 1925 W.
704 1885 743 1924 P.
761 1886 802 1925 &
822 1885 863 1925 L.
881 1884 1057 1924 exhibeo.
1071 1881 1328 1924 Consentiunt

58 1951 209 1988 omnes,
223 1940 390 1991 exceptis
401 1939 568 1986 duobus,
587 1940 624 1978 in
637 1938 733 1978 Ῥητ.
749 1951 784 1978 c.
801 1953 814 1976 1
824 1939 860 1977 6.
872 1938 1071 1987 Ἀσὺφηλον
1087 1950 1200 1986 vero,
1217 1938 1328 1990 quod

57 1993 99 2032 δι
114 1993 217 2046 apud
239 1992 392 2034 Suidam
410 2006 608 2045 perperam
626 1993 764 2046 legitur
780 1991 1010 2041 ἀσύμφυλον,
1027 1992 1128 2031 aliud
1141 1992 1267 2031 est.V.
1283 1991 1328 2031 Il.

59 2051 98 2093 1,
113 2047 206 2100 643,
227 2048 422 2100 quodiam
442 2046 656 2086 doffiffimo
673 2047 808 2086 §uidae
829 2046 966 2086 editori
986 2045 1235 2085 observatum
1258 2044 1323 2084 est.

58 2100 168 2140 Adde
181 2100 278 2141 Plut.
296 2101 394 2151 1672
407 2131 417 2146 ,
435 2113 467 2140 ι.
481 2100 640 2140 δοιΑΝ.
655 2100 870 2153 Ἀσὺφηλον)
883 2100 985 2140 Cum
1003 2112 1080 2138 non
1093 2098 1238 2138 soleant
1250 2111 1327 2138 vo-

57 2167 142 2194 cem
158 2153 307 2197 facilem
320 2154 361 2194 &
375 2155 531 2195 obviam
545 2156 584 2193 in
597 2155 827 2207 ignotiorem
845 2165 992 2193 mutare
1005 2153 1144 2192 librarii
1157 2184 1167 2200 ,
1184 2152 1325 2200 ἀσύφη·

59 2219 124 2247 λος
136 2220 264 2248 autem
281 2209 325 2248 sit
337 2210 500 2249 Homer.
512 2208 610 2248 lliad.
626 2215 662 2257 1,
676 2209 769 2260 643,
783 2207 824 2246 δι
836 2212 867 2245 Ω
877 2238 887 2255 ,
901 2209 993 2255 767,
1010 2208 1084 2247 hoc
1095 2206 1325 2246 servandum

57 2262 183 2310 duco,
198 2263 240 2302 &
264 2263 534 2315 interpretatus
551 2261 632 2302 sum
646 2293 658 2310 ‚
679 2274 758 2301 non
778 2274 859 2314 quo
877 2261 977 2300 illam
1000 2262 1110 2313 plane
1130 2262 1325 2311 cognitam

58 2316 238 2365 habeam,
252 2315 313 2356 sed
331 2329 372 2356 ut
393 2317 602 2356 convenire
613 2316 700 2355 huic
712 2314 936 2362 sententiae,
950 2328 1020 2354 nec
1035 2326 1252 2367 repugnare
1269 2313 1328 2352 lo-

58 2370 113 2409 cis
127 2370 346 2411 Homericis
357 2370 571 2410 videbatur.
583 2369 710 2410 GEsn.
724 2370 873 2408 Verum
886 2369 962 2416 est,
977 2368 1150 2407 librarios
1171 2379 1251 2406 non
1269 2365 1326 2406 so-

59 2423 137 2463 lere
161 2436 302 2465 vocem
323 2424 480 2464 obviam
507 2425 545 2463 in
565 2424 796 2476 ignotiorem
814 2435 981 2470 mutare,
1005 2422 1170 2482 ideoque
1192 2420 1330 2460 lubens

60 2478 311 2521 concederem
324 2477 523 2526 Gesnero,
536 2478 792 2519 Homericum
814 2477 1003 2570 ὀισὺφνλΙοΙν
1011 2475 1195 2567 {ementi
1207 2503 1219 2523 ,
1235 2473 1264 2514 fi
1281 2472 1329 2514 si-

1067 2543 1086 2582 3
