1768 3185
160 244 232 290 IN
249 237 595 313 QUOMODO
619 243 782 291 HIST.
801 243 900 292 SIT
917 243 1176 291 CONSCR.
1252 262 1340 310 507

73 330 164 382 παρ’
175 329 360 370 Ἀττικοῖς
378 333 421 369 τὶ
436 330 567 372 εὔωνον.
582 331 700 384 Quae
720 330 838 371 verba
861 330 1004 372 Graeci
1025 330 1238 384 interpretis
1260 347 1339 373 non

76 394 287 436 potuerunt
298 396 425 424 tamen
440 385 579 425 docere
595 386 773 425 Latinum
791 386 1053 438 interpretem,
1066 385 1216 425 versum
1231 387 1340 426 illurn

56 465 60 468 -
74 436 411 490 Aristophanicum
424 438 560 478 melius
573 440 742 485 reddere,
757 451 871 492 quam
884 469 898 486 ‚
911 440 1007 478 haud
1019 455 1185 492 quaquam
1198 453 1255 491 ego
1263 455 1340 492 pre-

72 491 218 542 tiosiores
234 492 305 530 vidi
318 507 443 545 apum,
457 506 546 532 cum
563 493 735 532 debuerit
755 493 900 533 viliores.
923 492 1065 532 Melius
1085 505 1210 532 tamen
1235 493 1341 546 sapit,

71 543 228 583 versum
245 544 323 597 669
331 541 532 592 ‚mazona
551 548 624 584 τὰς
645 546 767 594 ἀφύας
789 547 879 598 παρ’
902 547 985 597 ὑμῖν
1006 546 1134 598 ἀξίας,
1158 547 1340 593 reddens,

73 610 186 648 apuas
200 598 281 637 vilis
291 600 400 652 pretii.
417 598 522 638 lms.
536 600 629 639 Non
643 600 762 639 modo
776 600 1017 644 Benedieffls,
1031 600 1091 639 sed
1104 600 1144 639 δι
1157 600 1341 653 Micyllus

72 650 201 703 ἀξίους
223 653 370 692 omisit:
393 654 492 693 unde
513 652 593 693 fere
614 654 805 698 conficio,
821 665 1001 693 neutrum
1022 655 1057 692 id
1074 654 1183 693 verbi
1197 655 1341 693 intelle-

54 704 187 753 xiffe,
211 707 322 746 cuius
343 705 662 759 significationem
685 707 773 746 illud
794 707 953 746 Marcilii
975 706 1150 747 scholion
1176 721 1342 760 quoque

55 771 154 798 ‘non
169 758 270 800 reeie
291 761 413 800 tradit.
431 760 552 800 Rthe
567 760 712 800 Ienfius
724 761 807 799 viles
824 762 957 801 vertit:
977 774 1064 800 nam
1087 773 1235 815 praeter
1248 763 1342 801 Ari-

71 812 198 866 stoph.
210 827 324 866 quem
337 814 476 859 laudat,
492 814 605 853 etiam
620 813 670 854 sic
681 814 881 866 Theophr.
893 815 1008 854 Char.
1020 815 1067 854 de
1081 815 1224 868 garrui.
1243 830 1278 868 p.
1295 829 1310 854 1
1321 830 1338 856 1

70 866 130 906 ed.
143 865 306 907 casaub.
321 869 384 907 vel
399 882 435 920 p.
451 882 465 905 1
474 869 498 907 6
509 868 566 907 ed.
579 869 787 908 Needham.
799 864 844 907 ὦς
854 868 951 921 ἄξιοι
962 868 1170 923 γεγόνασιν
1183 869 1215 908 οἱ
1228 870 1336 923 πυροὶ
1409 917 1411 919 ¹

69 920 107 960 ἓν
120 918 170 970 τῇ
182 919 318 973 ἀγορᾷ.
335 921 485 961 REITZ.

55 995 58 998 ·
121 978 195 1013 ead.
217 976 239 1013 l.
264 977 324 1015 16.
344 976 586 1028 Γελοιὸτεραι)
608 975 712 1016 Cum
735 975 817 1015 edd.
841 975 1011 1028 legerent
1033 976 1342 1030 ἀναγκαιότερα,

56 1027 226 1081 ‘prorsus
248 1040 382 1069 contra
405 1040 573 1068 mentem
592 1029 770 1076 Luciani,
794 1043 866 1070 nec
885 1031 1090 1084 quidquam
1113 1031 1342 1071 variationis

71 1093 180 1122 notet
198 1082 362 1123 Solanus
376 1115 386 1131 ‚
404 1096 501 1136 ego,
523 1083 630 1136 quod
649 1084 689 1122 in
711 1097 828 1136 marg.
842 1085 927 1122 Ald.
949 1098 980 1124 ι.
996 1084 1099 1136 Weff
1112 1084 1263 1132 inveni,
1280 1086 1340 1124 lu-

68 1135 162 1176 bens
174 1136 316 1190 accepi,
328 1137 369 1177 &
382 1150 440 1176 res
452 1135 527 1190 ipsa
544 1137 698 1186 clamat,
708 1136 759 1177 sic
774 1137 995 1191 legendum:
1010 1151 1129 1191 quare
1142 1151 1256 1177 nemo
1269 1139 1338 1177 hu-

68 1190 128 1229 ius
149 1191 400 1231 correfflonis
420 1204 514 1244 ergo
531 1204 593 1231 me
612 1191 811 1244 redarguet
823 1223 834 1239 ‚
856 1206 969 1244 quam
986 1193 1082 1231 adeo
1097 1192 1340 1232 necessariam

55 1243 148 1296 ·ipse
159 1245 317 1284 videbit.
329 1245 454 1284 Nimis
464 1247 566 1284 enim
578 1245 816 1285 intolerabile
831 1257 923 1290 erat,
936 1247 999 1285 hoc
1006 1247 1243 1297 praetermitto,
1259 1247 1338 1299 quia

71 1299 179 1350 magis
191 1299 403 1350 neceffizrium
426 1302 488 1353 est:
510 1298 549 1339 &
571 1300 704 1348 miror,
725 1301 879 1339 memini
895 1300 970 1339 hoc
993 1298 1202 1352 suspeRum
1221 1299 1341 1340 fuisse.

68 1352 432 1407 REITz.Vulgatuni
447 1353 730 1405 ἀναγκαιότερα
741 1353 888 1392 ironice
902 1353 1056 1399 dietum,
1073 1354 1248 1407 adeoque
1260 1366 1340 1395 ma-

66 1406 102 1447 le
117 1417 306 1446 mutatum
319 1406 392 1446 effe
404 1419 425 1445 a
440 1407 610 1455 Reitzio,
623 1408 724 1448 reue
737 1417 896 1446 annotat
909 1408 953 1447 cl.
965 1407 1008 1448 B.
1023 1408 1068 1446 de
1077 1407 1172 1447 Ball.

123 1462 216 1515 Pag.
230 1475 314 1514 192.
330 1462 354 1499 l.
368 1476 399 1498 2.
416 1460 580 1511 Μαῦρος)
597 1461 686 1500 Vid.
703 1461 864 1502 Homer.
883 1461 924 1500 11.
938 1466 964 1499 H
977 1492 990 1508 ,
1004 1474 1088 1513 299.
1107 1461 1265 1500 δοῖ-ΑΝ.

123 1519 196 1554 ead.
214 1516 237 1554 l.
253 1529 285 1568 5.
301 1515 496 1564 Κεφάλαικ
511 1516 527 1568 )
545 1514 606 1555 Sic
620 1514 731 1568 supra
742 1515 891 1555 Ἐπισκ.
907 1527 988 1568 cap.
1006 1530 1039 1554 2.
1053 1515 1233 1561 ΕπἈνειβ.
1248 1527 1332 1569 cap.

73 1582 89 1609 1
125 1600 132 1608 .
149 1569 307 1609 Somm.

95 1584 194 1662 4ead.
207 1624 231 1662 I.
244 1622 501 1676 6.·Ἀκάν8ας)
522 1622 742 1675 Respexisse
756 1621 887 1662 credas
901 1621 1034 1661 versus
1055 1635 1075 1661 a
1095 1621 1185 1661 Plat.
1201 1627 1332 1674 Συμπ.

67 1677 104 1725 I,
119 1691 157 1726 4,
172 1678 211 1717 δι
226 1677 368 1717 Athen.
384 1677 462 1723 111,
474 1692 525 1729 97
537 1677 588 1717 D.
603 1677 778 1716 laudatos
789 1693 796 1716 :
806 1676 868 1715 Ὡς
879 1675 924 1716 ἂν
935 1675 1171 1727 ἑχινόποὲοις
1185 1676 1249 1714 καὶ
1262 1677 1334 1715 aiv&

63 1731 252 1784 τρηχεῖαν
261 1727 406 1771 ’Όνωνιν
427 1731 586 1770 ‹mov-rai
604 1731 793 1781 μαλακῶν
813 1727 922 1769 ἄνθεσι
942 1730 1123 1769 λευκοίων.
1149 1729 1210 1769 Sic
1232 1731 1334 1769 enim

51 1787 184 1827 -etiam
198 1785 421 1825 Athenaeus
432 1785 577 1826 inducit
588 1814 598 1830 ,
616 1787 688 1824 τὰς
699 1782 861 1823 ἀκάνθας
875 1783 1048 1836 συνάγων
1059 1784 1133 1824 &c.
1146 1783 1304 1823 SOLAN.

122 1842 196 1879 ead.
208 1841 231 1878 l.
246 1853 281 1891 9.
297 1839 522 1893 Κεγχρεῶν)
536 1838 650 1891 Angl.
669 1838 895 1891 Κεγχριέων.
915 1838 1088 1877 BOURD.
1107 1837 1168 1876 Ad
1187 1838 1331 1882 verba,

67 1891 147 1933 035⁰
159 1890 254 1947 ἄχρι
268 1892 470 1947 Κεγχρεῶν
484 1892 758 1942 &erasmiana-otc,
772 1891 1042 1930 Bourdelotius
1056 1903 1104 1930 ex
1119 1890 1201 1930 MS.
1216 1891 1335 1942 Angl.

67 1959 179 1988 notat
197 1952 275 2000 Κεγ
334 1949 422 1986 ιέων.
447 1946 519 1986 Sed
537 1947 610 1993 ita,
636 1957 678 1985 ut
698 1945 884 1997 vulgatus
904 1944 978 1990 est,
1005 1945 1135 1984 locum
1158 1944 1263 1983 hunc
1284 1957 1333 1983 et

68 2001 214 2042 Nostro
234 2014 254 2040 a
287 2013 346 2040 ert
362 2001 439 2040 Th.
464 1999 658 2053 Magister,
677 1999 743 2039 ubi
762 1999 922 2051 probat,
942 1999 1147 2052 Κεγχρέας
1168 1997 1208 2037 &
1230 2002 1332 2048 Κεγ-

52 2056 203 2110 *χρείας
224 2054 331 2094 fuiffe
345 2053 484 2094 dietum
501 2066 670 2107 utroque
693 2053 823 2092 modo.
844 2053 946 2092 Inus.
968 2051 1186 2106 Κεγχρειῶν
1207 2050 1333 2090 scribi-

65 2122 132 2150 tur
143 2109 246 2159 apud
257 2109 442 2160 Thucyd.
453 2107 548 2146 VIII
559 2139 570 2155 ‚
585 2121 633 2147 20
646 2107 686 2146 δι
701 2122 763 2160 23,
780 2107 818 2146 &
835 2106 943 2146 alios.
955 2106 1055 2145 Cum
1072 2106 1120 2145 A.
1137 2105 1277 2144 facit&
1290 2105 1331 2144 P.

67 2164 113 2204 In
122 2166 193 2204 W.
213 2161 447 2216 Κεγχρειῶν.
467 2162 575 2201 LXX
592 2161 746 2200 stadiisa
768 2160 963 2200 Corintho
983 2160 1119 2199 distans
1134 2170 1267 2211 portus
1287 2159 1328 2199 δι

52 2219 180 2258 >vicus
199 2216 450 2264 Strab.V11[‚
470 2229 505 2269 p.
520 2229 569 2255 m.
589 2217 660 2269 263
674 2216 724 2254 A.
741 2215 843 2254 Hinc
857 2215 894 2253 δι
911 2211 1008 2266 Εὐχ.
1028 2227 1059 2254 c.
1078 2228 1137 2266 23.
1159 2213 1330 2265 Scriptu-

66 2285 148 2312 ram
162 2272 260 2311 hanc
273 2268 548 2311 securisumus.
568 2268 610 2309 ln
628 2269 686 2311 ed.
700 2268 827 2322 Steph.
850 2268 946 2307 Xen.
963 2282 998 2321 p.
1017 2280 1104 2320 307,
1122 2281 1187 2320 43,
1201 2265 1329 2306 scribi-

55 2335 132 2366 'tur
148 2324 364 2390 Keyxpe‘qgt.
377 2324 534 2364 SOLAN.
1218 2374 1226 2381 “

124 2383 197 2419 ead.
213 2381 238 2418 l.
255 2393 271 2418 1
285 2393 315 2418 1.
339 2382 427 2417 Ωτα
438 2376 664 2427 ὀφθαλμῶν)
676 2376 781 2416 Idem
802 2375 846 2414 de
859 2375 980 2414 domo
993 2374 1034 2413 &
1048 2374 1094 2413 de
1109 2373 1308 2414 saltatione
1319 2404 1332 2423 ,

70 2434 111 2474 δι
126 2433 270 2487 saepius
281 2432 391 2478 alibi,
407 2431 519 2471 habet
535 2444 555 2470 a
566 2431 718 2470 Thurio
732 2440 897 2469 oratore.
915 2428 1050 2468 Iulian.
1064 2428 1242 2481 Imperat.
1256 2428 1328 2481 Ep.

70 2487 86 2525 ὃ
103 2488 246 2539 Θούριος
260 2482 340 2526 ἔται
355 2483 458 2527 εἶπεν
468 2484 663 2536 ἂιθρώποις
674 2483 866 2532 ὀφθαλμῶν
880 2482 1138 2533 ἀπιστότερα.
1152 2482 1325 2521 BOURD.

69 2541 131 2585 Sic
141 2540 240 2586 infra
250 2542 362 2594 Ὀρχ.
374 2553 405 2581 c.
416 2539 467 2593 78
478 2571 490 2590 ‚
499 2537 677 2592 Ἡροδότῳ
688 2538 754 2589 μὲν
767 2533 823 2578 οὖν
835 2538 882 2576 τὰ
898 2535 949 2575 Xe*
963 2537 1138 2589 ὀμμάτων
1150 2534 1328 2587 φαινόμε-
