1768 3185
202 131 274 177 IN
306 127 518 177 VERAE
554 125 904 175 HISTORIAE
941 126 1053 172 LIB.
1091 129 1149 174 II.
1256 125 1339 194 585

67 229 149 267 tur,
159 216 226 258 etfi
237 217 392 272 pluralis
407 216 447 256 &
459 228 640 256 neutrum
653 215 882 255 adiefflvum
894 213 1110 269 praeceffit:
1124 214 1247 268 qualis
1260 215 1349 268 syn-

68 271 184 313 thesis
195 272 298 324 apud
313 271 473 310 Latinos
485 283 644 324 quoque
656 269 711 310 est
733 269 911 322 frequens
921 299 931 317 ‚
951 279 993 309 ut
1010 269 1167 308 Terent.
1182 270 1278 309 Eun.
1297 285 1318 309 2
1333 301 1349 317 ‚

73 338 112 373 1,
131 339 192 378 19,
210 327 350 365 Adeone
365 326 517 364 homines
531 325 736 364 immutarier
747 339 791 363 ex
801 340 925 372 amore,
938 336 978 362 ut
987 339 1056 362 non
1068 323 1251 376 cognoscas
1262 339 1347 362 eun-

66 382 142 421 dem
154 379 227 433 effi.
246 378 394 420 Sallust.
409 379 496 419 Cat.
516 380 583 431 56,
600 393 635 431 5,
650 378 799 417 Servitia
823 400 868 407 —
889 378 1003 424 cuius,
1019 377 1066 417 ad
1083 390 1198 430 quern
1218 377 1240 416 l.
1259 378 1348 417 vide

68 432 336 475 ExcurfiVIH
359 432 496 473 Cortii.
519 432 606 471 Alia
631 433 808 486 exempla
829 444 876 472 ex
899 432 1039 471 Latinis
1059 430 1173 470 audit.
1193 430 1349 483 collegit

69 487 147 528 Th.
158 487 369 541 Wopkens
382 486 419 525 in
433 486 553 526 Lean
574 486 744 526 Tullian.
762 499 845 538 pag.
865 499 924 537 ις,
939 485 979 525 δι
994 484 1124 538 paffim
1140 484 1222 525 aliis
1236 497 1349 537 pagg.

66 540 317 596 Oppofitam,
332 541 394 581 sed
404 540 825 592 analogam‚enallagen
842 539 952 592 supra
967 541 1012 579 ad
1026 539 1160 592 Scyth.
1171 537 1264 579 vers.
1279 538 1348 578 fin.

69 595 242 636 dedimus
253 608 301 636 ex
314 594 509 647 Aristoph.
524 594 576 633 Pl.
594 608 679 644 527,
691 590 768 646 οὐχ
783 590 880 645 ἕξεις
892 593 931 632 οὔ
937 593 967 632 τ’
982 596 1015 632 ἐν
1028 605 1128 642 mum
1141 591 1346 645 καταὲοῳ-

67 649 163 696 3εῖν,
183 646 222 688 οὗ
268 652 314 700 ἃς
331 648 491 696 ἔσονται,
515 647 615 700 (scil.
634 648 792 700 κλίναι).
808 648 899 687 Non
919 647 1098 687 absimilia
1112 647 1213 687 dedit
1228 648 1349 686 Hem-

69 702 184 743 sterh.
200 663 423 743 adyLucian.
440 702 546 754 Nigr.
561 700 640 754 ipso
656 716 712 755 pt.
725 700 841 741 Conf.
862 703 983 742 Zeux.
1003 715 1036 741 c.
1051 715 1090 751 7,
1110 701 1175 741 ubi
1194 702 1349 754 περίβα-

69 768 114 797 λε
129 780 174 788 -
190 757 254 797 καὶ
268 757 445 809 ἀράμενοι
461 756 537 796 alio
551 756 669 795 modo
681 786 691 804 ,
704 757 765 795 cui
777 755 912 794 addere
928 755 1073 795 oblitus
1092 754 1173 795 sum
1187 754 1348 796 fimilem

66 810 311 852 locutionem
334 823 383 850 ex
404 810 554 863 Evang.
578 811 672 864 Luc.
687 810 799 859 V,4,
824 810 1066 863 ἑποινόιγαγε
1089 809 1140 849 εἰς
1163 811 1208 847 το
1223 808 1345 857 βάθος,

72 866 138 904 mi
150 866 372 918 χαλάσατε
386 866 439 903 τὰ
453 864 598 904 δίκτυα
612 863 727 914 υμῶν,
739 863 778 902 8(
792 864 949 902 Lucian.
965 864 1154 903 Harmon.
1168 876 1199 903 c.
1217 878 1255 916 3,
1275 863 1349 901 ἀλ-

70 919 213 972 λότριον
225 922 280 959 τὰ
295 916 371 971 ἐμοι
383 918 458 960 &c.
475 919 602 959 Ubi&
614 918 748 958 addere
762 917 965 971 potuiffem
982 918 1031 956 Hi
1038 931 1171 971 ppocr.
1186 916 1282 957 Se&
1297 916 1350 966 Π,

71 973 158 1026 aph.
174 989 210 1028 3,
225 972 359 1013 Ὕπνος
381 973 592 1026 ἀγρυπνίη,
615 973 807 1024 ἀμφότεροι
830 970 894 1011 τοῦ
912 973 1060 1023 μετρίου
1074 970 1223 1021 μᾶλλον
1242 970 1350 1023 γενό-

68 1041 186 1079 μενοι,
201 1027 325 1066 κοικὸν.
341 1026 460 1068 Conf.
474 1028 587 1066 etiam
604 1026 748 1066 Reviv.
763 1038 847 1078 cap.
869 1039 928 1079 13,
942 1027 1014 1076 μίοι
1027 1026 1176 1066 πάντων
1191 1036 1348 1075 φιλοσο-

70 1081 161 1130 φίοι,
186 1093 260 1136 pro
279 1080 426 1130 ποια-ὤν,
450 1081 514 1120 ubi
538 1080 633 1121 lens.
660 1093 707 1120 ex
724 1081 880 1120 Lucian.
903 1081 1040 1119 Amor.
1062 1078 1230 1131 καρποὺς
1250 1101 1295 1109 -
1319 1077 1348 1116 ἃ.

69 1135 307 1188 συνωρὸφουν,
321 1147 394 1188 pro
410 1133 471 1174 οὓς
486 1135 559 1175 &c.
573 1134 680 1174 Alias
695 1134 876 1174 eiusmodi
891 1134 1083 1186 enallagas
1104 1134 1250 1186 generis
1271 1133 1350 1172 vid.

62 1190 171 1242 —apud
191 1189 408 1242 Interprett.
425 1189 473 1228 ad
485 1189 682 1242 Aristoph.
704 1189 801 1229 Plut.
818 1202 910 1241 29¹,
922 1192 1036 1227 τεκεοι
1051 1186 1347 1233 ἐπαναβοῶντες,

69 1242 242 1296 ῐεΓρεΕὶιι
263 1243 457 1289 filiorum,
473 1244 540 1295 qui
562 1256 627 1296 per
649 1243 765 1282 τέκεα,
781 1242 1057 1294 intelliguntur,
1073 1242 1138 1281 ubi
1159 1240 1347 1280 Kusterus

69 1297 187 1337 etiam
201 1298 303 1337 addit
318 1298 479 1337 Homer.
495 1297 570 1337 Od.
591 1302 642 1346 M,
658 1311 723 1346 74,
737 1319 781 1328 -
794 1297 919 1343 νεφέλη
934 1318 976 1325 -
989 1297 1145 1342 Κυοινὲη,
1161 1298 1203 1333 τὶ)
1216 1295 1286 1345 μὲν
1306 1293 1347 1333 οὔ

69 1351 160 1392 ποτ’
172 1352 289 1404 ἐρωεῖ,
307 1351 435 1405 ibique
448 1355 492 1390 το
506 1350 678 1405 respe&u
703 1352 801 1398 νέφος
819 1350 889 1390 dici
902 1381 911 1396 ‚
926 1350 1032 1401 quod
1047 1350 1158 1389 tacite
1173 1348 1349 1400 intelligi—

71 1415 149 1452 tur,
162 1405 264 1446 reRe
278 1418 427 1451 monet,
439 1417 482 1445 ut
497 1405 567 1444 alia
583 1406 771 1451 omittam,
786 1417 887 1457 quae
899 1404 947 1442 ibi
960 1404 1080 1442 videri
1091 1403 1254 1455 poffunt.
1270 1402 1349 1442 Ad-

71 1459 123 1499 do
145 1470 297 1499 tantum
315 1472 363 1499 ex
385 1459 512 1499 fratris
536 1459 586 1500 G.
609 1459 662 1500 O.
682 1459 823 1499 Reitzii
843 1458 948 1510 Belg.
966 1457 1146 1498 Graeciff.
1164 1471 1201 1510 p.
1220 1470 1294 1510 320
1307 1455 1347 1505 ,Ι

71 1510 247 1554 Timo'th.
264 1529 285 1553 2
302 1544 310 1561 ,
329 1526 344 1553 1
357 1527 389 1566 ς,
407 1512 609 1553 σωθήσεται
621 1513 666 1554 ὃὲ
679 1513 749 1552 (5*ιά
761 1512 826 1552 τνῖς
838 1512 1090 1564 τεκνογονίας,
1107 1511 1168 1550 ἐὰν
1179 1512 1348 1562 μείνωσιν

72 1567 108 1608 ἐν
125 1570 283 1614 πίστει,
299 1567 406 1620 quod
426 1566 604 1607 Heinfius
618 1568 655 1607 in
669 1567 851 1607 Exercitt.
865 1565 965 1605 sacr.
980 1579 1016 1618 p.
1038 1564 1132 1617 485,
1152 1564 1197 1604 de
1210 1565 1348 1603 coniu-

71 1621 182 1673 gibus
197 1622 378 1674 exponit,
394 1622 443 1661 ita
459 1633 501 1661 ut
511 1622 678 1672 μείνωσιν
697 1620 886 1660 referatur
905 1619 951 1659 ad
968 1620 1096 1659 virum
1118 1619 1157 1658 &
1177 1631 1346 1658 uxorem

71 1675 185 1716 simul
197 1691 210 1724 ;
224 1675 284 1716 alii
298 1676 343 1715 ad
356 1688 500 1716 uxores
514 1674 612 1715 solas
625 1674 805 1715 referunt.
818 1673 938 1713 Paulo
959 1674 1067 1712 aliter
1086 1673 1198 1712 etiam
1218 1673 1347 1724 Long.

73 1728 170 1770 Past.
185 1729 228 1770 L.
243 1729 317 1777 lv,
333 1744 370 1783 p.
389 1743 458 1778 ¹07
474 1730 532 1769 ed.
547 1729 658 1769 Moll.
673 1729 724 1768 εἰς
739 1725 862 1768 αὐτὰς
877 1728 947 1774 ait,
961 1727 1073 1766 tacite
1086 1726 1288 1779 respiciens
1301 1725 1348 1765 ad

72 1796 171 1823 oves
189 1783 230 1823 &
243 1796 398 1835 capras,
411 1795 499 1823 cum
521 1794 648 1822 tamen
664 1782 756 1835 fing.
772 1782 898 1835 ἀγέλη
915 1779 1159 1834 praemiserit.
1173 1779 1233 1819 Sic
1245 1778 1346 1818 infra

72 1837 335 1931 Tymfinidda
349 1849 382 1878 c.
398 1836 421 1876 8
434 1867 448 1884 ,
462 1836 478 1876 ὅ
494 1836 538 1878 δὲ
560 1836 671 1877 masc.
685 1849 770 1890 gen.
788 1835 950 1876 relatum
972 1835 1018 1874 ad
1039 1836 1082 1873 τὶν
1105 1834 1222 1887 ξίφος,
1236 1833 1346 1887 quod

75 1893 173 1932 vide.
228 1903 332 1931 urz.

128 1947 220 2000 Pag.
237 1960 326 2000 297.
342 1946 365 1984 I.
381 1959 412 1985 1.
426 1944 710 1998 Πληρωμέιτων)
727 1943 895 1984 Navium
909 1942 1151 1995 πληρώματα
1163 1941 1344 1981 dicuntur

71 1999 140 2053 ipfi
162 2001 325 2053 remiges
344 1999 406 2038 vel
427 1999 598 2039 claffiarii
618 1999 779 2046 milites,
797 1997 938 2050 quibus
953 1997 1172 2050 implentur.
1187 1996 1261 2034 Hic
1273 2008 1348 2033 au-

73 2066 151 2094 tem
166 2053 329 2094 sumitur
342 2066 414 2106 pro
429 2052 512 2104 ipfis
525 2053 687 2107 navigiis
701 2051 890 2093 instruffls
901 2051 941 2092 &
952 2051 1116 2091 armatis.
1135 2050 1244 2101 Vorst.
1255 2048 1347 2089 vid.

73 2107 171 2149 Baif.
189 2123 203 2148 1
214 2123 262 2158 27
277 2107 301 2148 f.
315 2108 471 2148 SOLAN.

128 2165 202 2202 ead.
219 2164 241 2201 l.
263 2177 299 2211 4.
311 2160 614 2214 Ἀγχωμάλως)
631 2160 838 2201 Monuerat
852 2157 1068 2198 Hemsterh.
1084 2157 1123 2196 in
1144 2169 1262 2208 marg.
1279 2155 1345 2194 ad-

73 2217 246 2256 eundum
258 2215 407 2256 Duker.
423 2216 467 2254 ad
479 2215 658 2267 Thucyd.
676 2227 760 2267 pag.
777 2229 868 2267 493,
880 2214 955 2252 No.
970 2227 1030 2266 53,
1044 2213 1065 2250 i.
1080 2225 1112 2251 e.
1127 2212 1172 2250 ad
1188 2211 1230 2250 L.
1245 2209 1345 2256 Vll,

75 2278 159 2323 cap.
173 2284 239 2320 71,
255 2270 320 2310 ubi
335 2270 519 2321 Thucyd.
535 2267 600 2309 ἕως
617 2273 852 2323 ἀγχώμαλα
876 2267 1057 2318 ἑνωυμέιχ
1062 2280 1120 2304 ουν
1140 2265 1189 2304 ait
1203 2295 1214 2311 ,
1226 2262 1345 2303 Was-

76 2323 228 2377 fiusque
251 2324 447 2364 Pollucem
470 2324 733 2376 reprehendit,
752 2323 816 2374 qui
840 2323 913 2361 hoc
934 2320 1097 2360 verbum
1118 2317 1250 2371 τραχὺ
1271 2316 1345 2357 effe

75 2376 212 2418 scribat
224 2409 235 2426 ‚
250 2379 355 2432 quod
370 2390 497 2418 tamen
519 2377 579 2417 ille
593 2390 641 2416 ex
657 2375 824 2428 Dionys.
840 2375 962 2415 Halic.
983 2374 1042 2413 hic
1058 2387 1105 2413 ex
1117 2373 1288 2412 Luciano
1306 2371 1347 2411 h.

77 2430 104 2475 l.
119 2432 312 2489 proferat,
325 2433 559 2487 Suidamque
578 2432 619 2473 &
634 2431 771 2473 Lexica
785 2430 857 2471 alia
872 2429 998 2484 plures
1017 2428 1156 2469 habere
1171 2427 1256 2471 eius
1275 2436 1346 2464 vo-
