1768 3185
199 157 271 205 IN
303 155 611 206 SCYTHAM
646 155 762 204 SEU
799 155 1148 205 HOSPITEM.
1217 165 1307 224 463

37 248 281 291 Graecorum
303 247 530 303 deposuerat
545 248 714 289 Toxaris
735 248 835 288 illam
858 248 1111 288 austeritatem
1134 250 1174 290 &
1195 253 1315 291 tristi-

36 305 131 343 tiam
143 303 281 344 frontis
291 303 331 343 &
344 304 445 349 oris,
465 316 565 355 quae
579 303 736 354 Scythis
748 304 907 356 propria
922 314 1026 349 erat,
1044 303 1145 342 unde
1160 304 1313 352 dicitur,

39 357 263 410 σκυθρωπίοι.
275 357 462 409 Ἀσίὸηρον
472 369 601 396 autem
615 357 709 396 dixit
720 356 894 396 Toxarin
905 356 1029 405 fuiffe,
1043 357 1133 409 quia
1142 357 1313 410 Scythae

41 409 189 465 semper
202 410 307 450 ferro
321 409 501 451 succinfii
520 422 648 450 erant:
672 410 844 450 Toxaris
857 423 954 450 vero
965 410 1206 451 Graecorum
1226 425 1313 451 mo-

37 477 100 505 res
110 465 304 511 induerat,
320 464 361 504 δι
377 464 550 518 palliatus
566 463 878 511 incedebat‚s1ne
893 465 1060 504 acinace.
1080 464 1255 505 GRAEv.
1269 471 1285 483 ⁸

93 521 166 558 ead.
178 520 202 558 l.
217 519 423 572 15.'‘E‘yvae)
437 518 548 558 Plura
560 517 763 565 eiusmodi,
779 519 818 556 in
829 519 970 571 quibus
984 520 1211 572 interpretes
1220 520 1314 574 lapsi

38 570 140 620 sunt,
160 572 407 612 indicanvum
429 573 636 612 retinentes
657 572 695 610 in
711 570 904 618 versione,
920 585 1008 612 cum
1025 571 1314 614 subiunfflvum
1367 585 1371 594 ¹

39 625 257 680 expreffiffe
269 625 516 680 oportuisset,
528 626 627 666 dedit
637 624 731 665 lens.
746 627 785 664 in
801 626 920 665 Lektt.
932 626 1023 666 Luc.
1038 640 1074 679 p.
1092 640 1152 680 30.
1166 627 1312 668 RnTz.

94 681 176 720 ibid.
187 679 458 733 Ἐσταλμένον)
466 680 530 721 De
543 681 693 727 habitu,
702 680 984 726 ornatu,etiam
998 680 1118 720 Dion.
1130 682 1215 721 Hal.
1231 684 1314 722 An-

41 733 229 801 tiq.V,p.
244 734 302 774 ed.
321 733 416 787 Lips.
437 747 526 787 309,
541 749 582 774 v.
595 733 618 772 8
634 746 643 773 :
667 733 805 785 ἐξιέναι
824 731 961 774 αὐτοὺς
979 756 1023 764 -
1043 734 1150 783 κούφῃ
1171 736 1317 775 ἐσταλ-

36 790 170 838 μένους
183 788 349 836 ovim,
363 789 426 828 i.e.
441 789 506 827 levi
517 801 692 827 armatura
702 789 885 840 instruam.
902 788 948 826 Et
959 788 1001 826 L.
1012 788 1082 837 XI,
1096 802 1232 840 p.707,
1252 791 1312 840 18,

38 841 181 895 ἀνὲρᾶῖν
196 864 240 872 —
254 842 492 893 ἐσταλμένων
506 842 670 882 ὁπλίσει.
693 841 832 880 Noster
850 842 991 881 iterum
1006 854 1040 881 c.
1062 855 1078 895 5
1096 843 1209 883 huius
1220 843 1315 885 Dia-

39 895 136 949 logi‚
148 891 243 935 οῧτω
254 895 468 946 δημοτικῶς
478 896 720 945 ἐσταλμένον.
743 895 892 934 REsz.

94 950 174 990 ibid.
190 949 498 1003 ιΤοτεξυριηιιένον)
525 949 568 989 Id
579 950 744 989 verbum
759 949 861 988 reete
876 949 911 988 se
923 948 1063 989 habere
1074 980 1087 996 ‚
1108 950 1183 990 vid.
1200 950 1316 1006 supra

39 1002 146 1044 Tim.
162 1016 247 1057 cap.
265 1018 313 1053 14
333 1016 381 1044 ex
397 1003 584 1044 divisione
598 1004 746 1051 Solam,
770 1003 876 1056 quod
891 1003 964 1041 iam
986 1004 1056 1043 erit
1077 1017 1162 1057 cap.
1177 1008 1315 1057 proxi-

36 1058 232 1107 mum,vel
240 1058 395 1098 tertium
407 1058 454 1097 ab
464 1071 525 1098 eo.
535 1058 629 1098 Item
639 1057 742 1097 Dial.
755 1058 875 1097 Mort.
889 1058 943 1097 IX
953 1056 1087 1109 Simyl.
1098 1058 1138 1098 δι
1148 1059 1244 1112 Poly
1251 1060 1314 1100 flr.

38 1112 66 1153 f.
82 1113 152 1152 ubi
176 1109 444 1164 ὑπεξυρημένος
458 1116 500 1151 το
516 1112 669 1166 γενεῖον·
697 1124 797 1165 quae
822 1112 910 1151 loca
923 1142 935 1161 ‚
950 1124 1133 1153 monente
1155 1116 1290 1154 eodem
1302 1145 1315 1164 ,

37 1167 198 1208 contuli.
221 1167 371 1206 ΚΕΗ-Ζ.
760 1195 764 1197 ,

94 1220 186 1274 Pag.
206 1235 292 1274 149.
304 1222 328 1259 l.
342 1236 379 1269 4.
397 1219 439 1259 ‘0
453 1219 668 1272 Δαυκέτου)
686 1219 798 1260 Unde
815 1220 964 1266 habeat,
979 1220 1185 1262 incertum:
1205 1234 1313 1264 certe

40 1274 168 1316 Gnuri
182 1274 302 1315 filium
317 1273 464 1314 faciunt
476 1275 623 1315 Herod.
634 1275 708 1322 IV,
723 1289 759 1328 p.
776 1288 790 1312 1
804 1289 819 1328 5
831 1287 865 1328 5,
877 1273 999 1327 Diog.
1015 1275 1139 1315 Laert.
1157 1276 1188 1326 1,
1200 1291 1234 1329 p.
1249 1278 1315 1326 26,

39 1329 83 1369 δι
101 1329 250 1370 Suidas.
267 1327 427 1368 Sol-AN.

92 1387 167 1424 ead.
180 1385 204 1423 l.
217 1383 254 1422 8.
268 1384 362 1422 Κατ’
378 1380 491 1435 αὐτο)
508 1382 578 1422 Καὶ
591 1379 720 1430 αὐτος,
741 1380 821 1431 ἔφη,
850 1381 977 1423 ἐκεῖθέν
997 1382 1072 1433 εἰμι
1091 1385 1183 1436 »παρ’
1199 1381 1313 1434 ὑμῶν,

38 1436 194 1490 Τόξαρις
213 1437 398 1487 τοῦνομα,
416 1434 453 1476 οὐ
476 1435 761 1486 τῶνζὲοτιῳοινῶν,
778 1435 877 1476 ὥστε
896 1437 962 1476 καὶ
977 1436 1167 1490 ἑγνῶσὲαι
1188 1440 1231 1478 dcv
1253 1454 1313 1479 σοι

43 1493 133 1531 κατ’
154 1489 264 1532 αὐτὸ.
289 1491 373 1532 Cur
387 1492 424 1530 in
441 1490 583 1529 Latinis
599 1490 838 1530 versionibus
852 1493 1078 1544 praeteritur
1094 1494 1180 1531 κατ’
1194 1490 1314 1541 αύτό;

41 1546 211 1586 Videtur
234 1545 444 1599 significare
459 1545 599 1598 pariter.
618 1548 703 1584 Non
709 1545 789 1597 sum
807 1561 851 1584 ex
869 1546 1054 1598 illustribus
1067 1558 1183 1595 natus,
1203 1560 1242 1584 ut
1253 1562 1314 1600 ego

39 1602 102 1640 tibi
116 1613 219 1641 notus
223 1603 292 1653 fim
301 1601 446 1652 pariter,
459 1598 555 1638 ficut
571 1610 612 1639 tu
631 1599 732 1639 mihi.
746 1599 803 1639 Εἰς
818 1595 915 1638 αὐτὸ
929 1600 969 1638 &
984 1601 1073 1638 κατ’
1091 1596 1184 1639 αὐτὸ
1201 1600 1311 1653 saepe

40 1655 97 1696 est
111 1656 252 1708 pariter,
256 1655 374 1706 fimul.
397 1653 575 1694 GRAEV.
599 1653 818 1692 Notaverat
832 1652 1046 1692 Hemsterh.
1063 1653 1100 1693 in
1122 1667 1242 1708 marg.
1258 1657 1315 1694 vi-

38 1710 205 1750 dendum
221 1709 265 1748 L.
279 1708 358 1749 Bos
370 1708 418 1746 ad
439 1708 482 1747 L.
497 1706 539 1746 E.
553 1706 592 1753 1,
613 1706 670 1746 18.
690 1707 727 1746 Is
740 1708 854 1760 igitur
868 1708 915 1746 ad
931 1707 1075 1760 Evang.
1092 1708 1222 1749 Lucae
1240 1709 1262 1748 l.
1277 1710 1314 1750 d.

39 1764 137 1804 haec
153 1764 286 1803 habet:
304 1763 415 1800 Κατὰ,
427 1764 467 1801 τί
477 1761 672 1814 γνώσομαι
687 1759 821 1809 τοῦτο·,
837 1761 907 1813 (ait
919 1761 1177 1815 Evangelista)
1190 1763 1315 1816 Repe-

39 1818 139 1858 ritur
153 1818 251 1857 haec
264 1817 413 1856 locutio
425 1816 529 1868 apud
544 1815 652 1855 LXX
665 1815 757 1854 Intt.
770 1815 910 1855 Genes.
921 1816 1016 1860 XV,
1030 1819 1064 1854 ὅ,
1078 1815 1313 1856 Subaudien-

40 1872 134 1912 dum
145 1872 183 1911 in
192 1870 346 1911 κατᾰτί
357 1869 597 1910 vocabulum
611 1869 775 1919 σημεῖον,
789 1880 833 1908 ut
850 1868 909 1915 fit,
923 1885 966 1908 ex
978 1884 1043 1922 quo
1047 1871 1177 1921 figno?
1192 1872 1312 1924 Apud

39 1925 254 1966 Lucianum
273 1923 384 1964 fimili
398 1922 514 1976 ellipsi
529 1924 704 1962 occurrit
725 1922 915 1975 ἑγνὸἷσόοιι
936 1923 1024 1962 κατ’
1042 1921 1136 1963 αὐτὸ
1158 1925 1194 1963 in
1212 1924 1311 1977 Scy-

40 1981 108 2020 tha
121 1981 157 2020 h.
168 1980 192 2020 l.
216 1979 260 2019 In
272 1978 414 2018 Latinis
425 1976 667 2017 verfionibus
679 1978 926 2030 praeteritum
939 1976 1012 2016 effe
1029 1977 1120 2017 illud
1137 1979 1225 2018 κατ’
1243 1977 1313 2019 αὖ·

40 2036 102 2084 τὶ,
113 2034 266 2074 notavit
280 2032 493 2078 Graevius,
508 2031 666 2070 reddens
681 2032 715 2069 id
723 2032 865 2084 pariter.
882 2030 919 2069 Si
937 2031 1029 2069 mihi
1044 2033 1106 2071 vel
1120 2033 1312 2073 tantillum

40 2101 64 2129 a
79 2090 175 2128 tanti
191 2087 317 2128 iudicii
330 2087 418 2125 viro
426 2084 613 2125 discedere
627 2084 771 2132 liceret,
784 2096 993 2130 verterem,
1009 2101 1051 2124 ex
1062 2102 1113 2132 eo,
1128 2099 1172 2126 ut
1186 2086 1312 2128 sensus

40 2141 108 2182 fit:
123 2144 207 2181 Non
214 2141 294 2194 sum
306 2156 349 2179 ex
358 2141 539 2192 illustribus
551 2150 668 2188 natus,
680 2153 718 2177 ut
730 2155 771 2177 ex
783 2155 819 2178 eo
833 2139 893 2177 tibi
907 2151 1007 2178 notus
1020 2139 1126 2193 effim.
1146 2141 1252 2181 Haec
1267 2141 1310 2181 il.

39 2196 89 2237 le.
110 2195 172 2236 Sic
186 2195 265 2236 fere
276 2193 448 2245 Dionys.
462 2193 549 2233 Hal.
565 2193 646 2245 περὶ
660 2208 696 2232 τ.
710 2198 881 2242 Angue-3.
895 2193 983 2232 ὃειν.
997 2208 1034 2247 p.
1054 2208 1066 2232 1
1077 2194 1142 2240 68,
1154 2208 1191 2233 v.
1208 2211 1233 2243 4
1247 2196 1306 2236 ed.

40 2249 144 2304 Lips.
157 2252 270 2289 Κατὰ.
280 2249 321 2288 τί
338 2247 386 2288 δὴ
401 2247 542 2287 ταύτην
555 2244 722 2300 ἡγοῦμαι
735 2247 802 2286 τὴν
816 2247 918 2298 λέξιν
931 2247 1087 2287 ἐοικέναι
1105 2247 1154 2297 τῆ
1166 2254 1309 2288 Θουκυ-

41 2303 174 2352 sisoi&
190 2303 269 2343 καθ’
279 2302 297 2341 ὃ
309 2303 481 2341 κάκεινην
499 2302 671 2351 πειθομοιι
683 2300 867 2351 μάλιστα
879 2300 1064 2353 διαφέρειν
1082 2302 1153 2340 τῶν
1171 2300 1308 2346 ἄλλων.

41 2358 90 2400 Et
106 2359 158 2397 ita
171 2357 283 2411 parvi
295 2356 483 2395 interdum
495 2354 626 2403 refert,
635 2353 811 2393 vertasne
825 2370 880 2399 ex,
889 2354 1088 2406 secundum,
1102 2368 1149 2394 an
1157 2370 1307 2409 propter,

41 2422 87 2452 ut
99 2424 132 2451 e.
145 2425 180 2452 c.
194 2425 255 2466 ap.
272 2411 385 2450 eund.
405 2409 523 2449 Dion.
540 2409 629 2448 Hal.
645 2409 759 2461 antiq.
772 2408 890 2448 Rom.
907 2409 946 2457 1,
968 2422 1053 2462 pag.
1067 2410 1132 2462 63,
1154 2424 1218 2463 30,
1238 2426 1309 2451 κα-

37 2468 94 2508 τὰ
115 2466 202 2508 τίνοι
212 2464 366 2519 γίνεται
377 2462 691 2515 μάλιστάἰτιάν·
707 2463 769 2503 ubi
781 2493 793 2512 ‚
807 2477 850 2502 ex
861 2475 938 2516 qua
954 2462 1062 2504 causa
1075 2492 1087 2513 ‚
1106 2465 1162 2512 ob,
1172 2466 1308 2518 pense-
