<?xml version="1.0" encoding="UTF-8"?>
<!DOCTYPE html PUBLIC "-//W3C//DTD XHTML 1.0 Transitional//EN"
    "http://www.w3.org/TR/xhtml1/DTD/xhtml1-transitional.dtd">
<html xmlns="http://www.w3.org/1999/xhtml" xml:lang="en" lang="en">
 <head>
  <title>
</title>
<meta http-equiv="Content-Type" content="text/html;charset=utf-8" />
  <meta name='ocr-system' content='tesseract 3.04.00' />
  <meta name='ocr-capabilities' content='ocr_page ocr_carea ocr_par ocr_line ocrx_word'/>
</head>
<body>
  <div class='ocr_page' id='page_1' title='image "./operagraeceetlat04luciuoft/operagraeceetlat04luciuoft_0499.png"; bbox 0 0 1768 3185; ppageno 0'>
   <div class='ocr_carea' id='block_1_1' title="bbox 136 187 1311 260">
    <p class='ocr_par' dir='ltr' id='par_1_1' title="bbox 136 187 1311 260">
     <span class='ocr_line' id='line_1_1' title="bbox 136 187 1311 260; baseline 0.005 -24"><span class='ocrx_word' id='word_1_1' title='bbox 136 190 210 236; x_wconf 82' lang='lat' dir='ltr'>IN</span> <span class='ocrx_word' id='word_1_2' title='bbox 224 188 570 260; x_wconf 74' lang='lat' dir='ltr'>QUOMODO</span> <span class='ocrx_word' id='word_1_3' title='bbox 590 187 751 236; x_wconf 86' lang='lat' dir='ltr'><strong>HIST.</strong></span> <span class='ocrx_word' id='word_1_4' title='bbox 770 187 870 235; x_wconf 90' lang='lat' dir='ltr'>SIT</span> <span class='ocrx_word' id='word_1_5' title='bbox 890 188 1154 237; x_wconf 83' lang='lat' dir='ltr'><strong>CONSCR.</strong></span> <span class='ocrx_word' id='word_1_6' title='bbox 1222 210 1311 256; x_wconf 85' lang='lat'>491</span> 
     </span>
    </p>
   </div>
   <div class='ocr_carea' id='block_1_2' title="bbox 34 279 1321 2543">
    <p class='ocr_par' dir='ltr' id='par_1_2' title="bbox 37 279 1319 443">
     <span class='ocr_line' id='line_1_2' title="bbox 37 279 1319 340; baseline 0 -20"><span class='ocrx_word' id='word_1_7' title='bbox 37 293 124 331; x_wconf 65' lang='lat' dir='ltr'>que</span> <span class='ocrx_word' id='word_1_8' title='bbox 137 280 313 330; x_wconf 81' lang='lat' dir='ltr'>alterum,</span> <span class='ocrx_word' id='word_1_9' title='bbox 322 280 397 320; x_wconf 89' lang='lat' dir='ltr'>vid.</span> <span class='ocrx_word' id='word_1_10' title='bbox 412 280 512 334; x_wconf 84' lang='lat' dir='ltr'>apud</span> <span class='ocrx_word' id='word_1_11' title='bbox 528 279 683 332; x_wconf 85' lang='lat' dir='ltr'>Aeschy</span> <span class='ocrx_word' id='word_1_12' title='bbox 687 279 762 320; x_wconf 80' lang='lat' dir='ltr'>Lin</span> <span class='ocrx_word' id='word_1_13' title='bbox 776 279 913 340; x_wconf 82' lang='lat' dir='ltr'><strong>Agam.</strong></span> <span class='ocrx_word' id='word_1_14' title='bbox 926 293 962 333; x_wconf 90' lang='lat' dir='ltr'>p.</span> <span class='ocrx_word' id='word_1_15' title='bbox 979 280 1171 340; x_wconf 83' lang='lat' dir='ltr'>213‚&amp;in</span> <span class='ocrx_word' id='word_1_16' title='bbox 1186 280 1319 334; x_wconf 82' lang='lat' dir='ltr'>fragm.</span> 
     </span>
     <span class='ocr_line' id='line_1_3' title="bbox 44 332 1318 388; baseline 0.001 -15"><span class='ocrx_word' id='word_1_17' title='bbox 44 334 197 375; x_wconf 77' lang='lat' dir='ltr'>Callim.</span> <span class='ocrx_word' id='word_1_18' title='bbox 212 334 467 381; x_wconf 82' lang='lat' dir='ltr'>Bentleianis,</span> <span class='ocrx_word' id='word_1_19' title='bbox 489 335 538 373; x_wconf 91' lang='lat' dir='ltr'>N.</span> <span class='ocrx_word' id='word_1_20' title='bbox 556 334 784 383; x_wconf 86' lang='lat' dir='ltr'>CCXXIII,</span> <span class='ocrx_word' id='word_1_21' title='bbox 796 332 867 373; x_wconf 79' lang='grc' dir='ltr'>Τοῦ</span> <span class='ocrx_word' id='word_1_22' title='bbox 888 347 933 372; x_wconf 83' lang='grc' dir='ltr'>τε</span> <span class='ocrx_word' id='word_1_23' title='bbox 948 333 1198 386; x_wconf 73' lang='grc' dir='ltr'>μηθυπληγος</span> <span class='ocrx_word' id='word_1_24' title='bbox 1216 336 1318 388; x_wconf 82' lang='grc' dir='ltr'>φροί-</span> 
     </span>
     <span class='ocr_line' id='line_1_4' title="bbox 42 389 530 443; baseline -0.002 -15"><span class='ocrx_word' id='word_1_25' title='bbox 42 402 126 440; x_wconf 81' lang='grc' dir='ltr'>μιον</span> <span class='ocrx_word' id='word_1_26' title='bbox 139 389 372 443; x_wconf 75' lang='grc' dir='ltr'><strong><em>Ἀντιλόχου.</em></strong></span> <span class='ocrx_word' id='word_1_27' title='bbox 392 389 530 428; x_wconf 69' lang='grc' dir='ltr'><strong>ΚΕΗ-Ζ</strong></span> 
     </span>
    </p>

    <p class='ocr_par' dir='ltr' id='par_1_3' title="bbox 34 439 1320 981">
     <span class='ocr_line' id='line_1_5' title="bbox 109 439 1320 495; baseline 0 -15"><span class='ocrx_word' id='word_1_28' title='bbox 109 442 200 495; x_wconf 80' lang='lat' dir='ltr'><strong>Pag.</strong></span> <span class='ocrx_word' id='word_1_29' title='bbox 218 445 304 492; x_wconf 92' lang='lat'><strong>176.</strong></span> <span class='ocrx_word' id='word_1_30' title='bbox 318 444 341 481; x_wconf 91' lang='lat' dir='ltr'><strong>l.</strong></span> <span class='ocrx_word' id='word_1_31' title='bbox 355 457 391 482; x_wconf 88' lang='lat'>2.</span> <span class='ocrx_word' id='word_1_32' title='bbox 405 441 544 482; x_wconf 62' lang='lat' dir='ltr'>Ai‘rm</span> <span class='ocrx_word' id='word_1_33' title='bbox 535 440 622 492; x_wconf 63' lang='grc' dir='ltr'>ἁμα.</span> <span class='ocrx_word' id='word_1_34' title='bbox 644 455 711 481; x_wconf 73' lang='grc' dir='ltr'>της</span> <span class='ocrx_word' id='word_1_35' title='bbox 724 440 790 480; x_wconf 79' lang='grc' dir='ltr'>τοῦ</span> <span class='ocrx_word' id='word_1_36' title='bbox 806 441 975 491; x_wconf 72' lang='grc' dir='ltr'>πολεμου</span> <span class='ocrx_word' id='word_1_37' title='bbox 997 439 1124 493; x_wconf 66' lang='grc' dir='ltr'>ἀρχῆς</span> <span class='ocrx_word' id='word_1_38' title='bbox 1141 439 1320 494; x_wconf 55' lang='grc' dir='ltr'>διεξιὼν)</span> 
     </span>
     <span class='ocr_line' id='line_1_6' title="bbox 44 494 1313 548; baseline -0.001 -14"><span class='ocrx_word' id='word_1_39' title='bbox 44 494 139 535; x_wconf 86' lang='lat' dir='ltr'>Non</span> <span class='ocrx_word' id='word_1_40' title='bbox 153 496 223 535; x_wconf 80' lang='lat' dir='ltr'>hae</span> <span class='ocrx_word' id='word_1_41' title='bbox 237 509 357 536; x_wconf 86' lang='lat' dir='ltr'>voces</span> <span class='ocrx_word' id='word_1_42' title='bbox 368 506 531 542; x_wconf 86' lang='lat' dir='ltr'>notant,</span> <span class='ocrx_word' id='word_1_43' title='bbox 542 495 651 547; x_wconf 79' lang='lat' dir='ltr'>fimul</span> <span class='ocrx_word' id='word_1_44' title='bbox 661 496 696 534; x_wconf 72' lang='grc' dir='ltr'>δ’</span> <span class='ocrx_word' id='word_1_45' title='bbox 705 495 844 547; x_wconf 74' lang='lat' dir='ltr'>caufhs</span> <span class='ocrx_word' id='word_1_46' title='bbox 859 498 944 534; x_wconf 82' lang='lat' dir='ltr'>unde</span> <span class='ocrx_word' id='word_1_47' title='bbox 958 497 996 533; x_wconf 80' lang='lat' dir='ltr'>id</span> <span class='ocrx_word' id='word_1_48' title='bbox 1006 497 1126 534; x_wconf 82' lang='lat' dir='ltr'>bellum</span> <span class='ocrx_word' id='word_1_49' title='bbox 1137 495 1313 548; x_wconf 70' lang='lat' dir='ltr'>coepzffitt,</span> 
     </span>
     <span class='ocr_line' id='line_1_7' title="bbox 42 548 1318 601; baseline 0 -14"><span class='ocrx_word' id='word_1_50' title='bbox 42 553 347 598; x_wconf 80' lang='lat' dir='ltr'>commemorando,</span> <span class='ocrx_word' id='word_1_51' title='bbox 368 562 410 590; x_wconf 90' lang='lat' dir='ltr'>ut</span> <span class='ocrx_word' id='word_1_52' title='bbox 432 550 548 590; x_wconf 89' lang='lat' dir='ltr'>vertit</span> <span class='ocrx_word' id='word_1_53' title='bbox 566 549 792 589; x_wconf 62' lang='lat' dir='ltr'>Benedictus</span> <span class='ocrx_word' id='word_1_54' title='bbox 811 549 924 601; x_wconf 86' lang='lat' dir='ltr'>plane</span> <span class='ocrx_word' id='word_1_55' title='bbox 943 561 992 588; x_wconf 83' lang='lat' dir='ltr'>ex</span> <span class='ocrx_word' id='word_1_56' title='bbox 1010 549 1221 588; x_wconf 85' lang='lat' dir='ltr'>imitatione</span> <span class='ocrx_word' id='word_1_57' title='bbox 1243 548 1318 587; x_wconf 90' lang='lat' dir='ltr'>Mi-</span> 
     </span>
     <span class='ocr_line' id='line_1_8' title="bbox 34 602 1318 656; baseline -0.002 -14"><span class='ocrx_word' id='word_1_58' title='bbox 34 602 154 654; x_wconf 82' lang='lat' dir='ltr'>-cylli,</span> <span class='ocrx_word' id='word_1_59' title='bbox 168 603 227 656; x_wconf 88' lang='lat'>(&amp;</span> <span class='ocrx_word' id='word_1_60' title='bbox 239 605 306 643; x_wconf 87' lang='lat' dir='ltr'>vix</span> <span class='ocrx_word' id='word_1_61' title='bbox 317 604 420 656; x_wconf 87' lang='lat' dir='ltr'>legas</span> <span class='ocrx_word' id='word_1_62' title='bbox 431 605 542 643; x_wconf 77' lang='grc' dir='ltr'>αἴτιοι</span> <span class='ocrx_word' id='word_1_63' title='bbox 555 602 692 654; x_wconf 66' lang='grc' dir='ltr'>ἀρχῆς,</span> <span class='ocrx_word' id='word_1_64' title='bbox 702 616 791 642; x_wconf 89' lang='lat' dir='ltr'>cum</span> <span class='ocrx_word' id='word_1_65' title='bbox 804 602 988 643; x_wconf 83' lang='lat' dir='ltr'>1ufficiant</span> <span class='ocrx_word' id='word_1_66' title='bbox 1002 617 1115 641; x_wconf 70' lang='grc' dir='ltr'>αιτιοι</span> <span class='ocrx_word' id='word_1_67' title='bbox 1129 602 1318 655; x_wconf 64' lang='grc' dir='ltr'>πολέμου)</span> 
     </span>
     <span class='ocr_line' id='line_1_9' title="bbox 43 655 1318 710; baseline 0.001 -15"><span class='ocrx_word' id='word_1_68' title='bbox 43 656 108 696; x_wconf 76' lang='lat' dir='ltr'>sed</span> <span class='ocrx_word' id='word_1_69' title='bbox 129 657 254 708; x_wconf 68' lang='lat' dir='ltr'>causbs</span> <span class='ocrx_word' id='word_1_70' title='bbox 258 659 297 710; x_wconf 92' lang='lat' dir='ltr'><em>s</em></span> <span class='ocrx_word' id='word_1_71' title='bbox 295 659 369 697; x_wconf 85' lang='lat' dir='ltr'>mul</span> <span class='ocrx_word' id='word_1_72' title='bbox 380 658 548 710; x_wconf 74' lang='lat' dir='ltr'>principio</span> <span class='ocrx_word' id='word_1_73' title='bbox 570 658 645 695; x_wconf 81' lang='lat' dir='ltr'>belli</span> <span class='ocrx_word' id='word_1_74' title='bbox 665 657 872 710; x_wconf 80' lang='lat' dir='ltr'>aggrediens,</span> <span class='ocrx_word' id='word_1_75' title='bbox 895 656 1003 708; x_wconf 90' lang='lat' dir='ltr'>quod</span> <span class='ocrx_word' id='word_1_76' title='bbox 1031 655 1117 696; x_wconf 82' lang='lat' dir='ltr'>satis</span> <span class='ocrx_word' id='word_1_77' title='bbox 1141 666 1246 710; x_wconf 83' lang='lat' dir='ltr'>patet</span> <span class='ocrx_word' id='word_1_78' title='bbox 1270 669 1318 696; x_wconf 83' lang='lat' dir='ltr'>ex</span> 
     </span>
     <span class='ocr_line' id='line_1_10' title="bbox 43 709 1032 764; baseline -0.001 -15"><span class='ocrx_word' id='word_1_79' title='bbox 43 709 150 763; x_wconf 78' lang='lat' dir='ltr'>ipsis</span> <span class='ocrx_word' id='word_1_80' title='bbox 167 724 267 764; x_wconf 83' lang='lat' dir='ltr'>quae</span> <span class='ocrx_word' id='word_1_81' title='bbox 280 711 530 751; x_wconf 84' lang='lat' dir='ltr'>subiiciuntur</span> <span class='ocrx_word' id='word_1_82' title='bbox 545 722 725 762; x_wconf 85' lang='lat' dir='ltr'>excerpta</span> <span class='ocrx_word' id='word_1_83' title='bbox 739 711 869 749; x_wconf 88' lang='lat' dir='ltr'>verba</span> <span class='ocrx_word' id='word_1_84' title='bbox 886 710 1032 750; x_wconf 78' lang='lat' dir='ltr'><strong>GRON.</strong></span> 
     </span>
     <span class='ocr_line' id='line_1_11' title="bbox 36 760 1319 818; baseline -0.001 -15"><span class='ocrx_word' id='word_1_85' title='bbox 36 796 38 798; x_wconf 84' lang='lat'><strong>.</strong></span> <span class='ocrx_word' id='word_1_86' title='bbox 98 764 173 804; x_wconf 59' lang='lat' dir='ltr'><strong>had.</strong></span> <span class='ocrx_word' id='word_1_87' title='bbox 183 766 207 806; x_wconf 93' lang='lat' dir='ltr'><strong>l.</strong></span> <span class='ocrx_word' id='word_1_88' title='bbox 223 780 256 818; x_wconf 90' lang='lat'>3.</span> <span class='ocrx_word' id='word_1_89' title='bbox 271 764 525 817; x_wconf 67' lang='grc' dir='ltr'>Οὐολόγεσος)</span> <span class='ocrx_word' id='word_1_90' title='bbox 541 765 656 817; x_wconf 87' lang='lat' dir='ltr'>Apud</span> <span class='ocrx_word' id='word_1_91' title='bbox 671 763 907 817; x_wconf 80' lang='lat' dir='ltr'>Xiphilinum</span> <span class='ocrx_word' id='word_1_92' title='bbox 921 763 1096 803; x_wconf 84' lang='lat' dir='ltr'>scribitur</span> <span class='ocrx_word' id='word_1_93' title='bbox 1108 760 1319 817; x_wconf 76' lang='grc' dir='ltr'>Οὗολογοιι-</span> 
     </span>
     <span class='ocr_line' id='line_1_12' title="bbox 43 816 1316 870; baseline -0.002 -12"><span class='ocrx_word' id='word_1_94' title='bbox 43 832 120 858; x_wconf 81' lang='grc' dir='ltr'>σος.</span> <span class='ocrx_word' id='word_1_95' title='bbox 137 820 189 859; x_wconf 88' lang='lat' dir='ltr'>V.</span> <span class='ocrx_word' id='word_1_96' title='bbox 203 820 298 858; x_wconf 88' lang='lat' dir='ltr'>Adr.</span> <span class='ocrx_word' id='word_1_97' title='bbox 324 819 457 868; x_wconf 87' lang='lat' dir='ltr'><strong>264B.</strong></span> <span class='ocrx_word' id='word_1_98' title='bbox 478 821 625 858; x_wconf 90' lang='lat' dir='ltr'>Anton.</span> <span class='ocrx_word' id='word_1_99' title='bbox 649 818 780 869; x_wconf 90' lang='lat' dir='ltr'><strong>269B.</strong></span> <span class='ocrx_word' id='word_1_100' title='bbox 798 817 929 865; x_wconf 85' lang='lat'>&amp;270</span> <span class='ocrx_word' id='word_1_101' title='bbox 953 816 998 856; x_wconf 91' lang='lat' dir='ltr'>C.</span> <span class='ocrx_word' id='word_1_102' title='bbox 1017 817 1070 857; x_wconf 93' lang='lat' dir='ltr'>D.</span> <span class='ocrx_word' id='word_1_103' title='bbox 1093 817 1136 856; x_wconf 88' lang='lat'>&amp;</span> <span class='ocrx_word' id='word_1_104' title='bbox 1153 817 1255 870; x_wconf 86' lang='lat' dir='ltr'><strong>seqq.</strong></span> <span class='ocrx_word' id='word_1_105' title='bbox 1274 818 1316 856; x_wconf 91' lang='lat' dir='ltr'>In</span> 
     </span>
     <span class='ocr_line' id='line_1_13' title="bbox 42 870 1321 925; baseline 0 -14"><span class='ocrx_word' id='word_1_106' title='bbox 42 873 213 912; x_wconf 87' lang='lat' dir='ltr'>nummis</span> <span class='ocrx_word' id='word_1_107' title='bbox 225 876 500 912; x_wconf 81' lang='grc' dir='ltr'>ΒΟΛΑΓΑΣΗΣ</span> <span class='ocrx_word' id='word_1_108' title='bbox 512 870 730 912; x_wconf 83' lang='lat' dir='ltr'>constanter</span> <span class='ocrx_word' id='word_1_109' title='bbox 741 872 841 925; x_wconf 86' lang='lat' dir='ltr'>legi,</span> <span class='ocrx_word' id='word_1_110' title='bbox 858 883 992 911; x_wconf 89' lang='lat' dir='ltr'>monet</span> <span class='ocrx_word' id='word_1_111' title='bbox 1005 884 1065 911; x_wconf 92' lang='lat' dir='ltr'>me</span> <span class='ocrx_word' id='word_1_112' title='bbox 1079 870 1321 914; x_wconf 80' lang='lat' dir='ltr'><strong>10.Mass0n.</strong></span> 
     </span>
     <span class='ocr_line' id='line_1_14' title="bbox 42 925 539 996; baseline -0.002 -31"><span class='ocrx_word' id='word_1_113' title='bbox 42 925 147 966; x_wconf 87' lang='lat' dir='ltr'><strong>Vide</strong></span> <span class='ocrx_word' id='word_1_114' title='bbox 159 926 363 996; x_wconf 87' lang='lat' dir='ltr'>Spanhem.</span> <span class='ocrx_word' id='word_1_115' title='bbox 380 927 539 966; x_wconf 77' lang='lat' dir='ltr'><strong>SOLAN.</strong></span> 
     </span>
    </p>

    <p class='ocr_par' dir='ltr' id='par_1_4' title="bbox 34 977 1320 1466">
     <span class='ocr_line' id='line_1_15' title="bbox 98 977 1320 1034; baseline -0.001 -15"><span class='ocrx_word' id='word_1_116' title='bbox 98 983 172 1020; x_wconf 85' lang='lat' dir='ltr'><strong>ead.</strong></span> <span class='ocrx_word' id='word_1_117' title='bbox 187 982 212 1020; x_wconf 91' lang='lat' dir='ltr'><strong>l.</strong></span> <span class='ocrx_word' id='word_1_118' title='bbox 223 981 260 1022; x_wconf 89' lang='lat'>6.</span> <span class='ocrx_word' id='word_1_119' title='bbox 272 981 329 1033; x_wconf 86' lang='grc' dir='ltr'>’ρΑ</span> <span class='ocrx_word' id='word_1_120' title='bbox 332 980 427 1034; x_wconf 61' lang='grc' dir='ltr'>χὴν)</span> <span class='ocrx_word' id='word_1_121' title='bbox 440 980 500 1020; x_wconf 83' lang='lat' dir='ltr'>Sic</span> <span class='ocrx_word' id='word_1_122' title='bbox 516 981 620 1020; x_wconf 89' lang='lat' dir='ltr'>enim</span> <span class='ocrx_word' id='word_1_123' title='bbox 636 978 767 1032; x_wconf 80' lang='lat' dir='ltr'>incipit</span> <span class='ocrx_word' id='word_1_124' title='bbox 783 977 936 1017; x_wconf 81' lang='lat' dir='ltr'>historia</span> <span class='ocrx_word' id='word_1_125' title='bbox 951 978 1211 1030; x_wconf 83' lang='lat' dir='ltr'>Thucydidis·</span> <span class='ocrx_word' id='word_1_126' title='bbox 1226 985 1320 1018; x_wconf 85' lang='grc' dir='ltr'>Θου-</span> 
     </span>
     <span class='ocr_line' id='line_1_16' title="bbox 43 1033 1318 1100; baseline -0.001 -27"><span class='ocrx_word' id='word_1_127' title='bbox 43 1033 208 1075; x_wconf 59' lang='grc' dir='ltr'><strong><em>κυὲίὲης</em></strong></span> <span class='ocrx_word' id='word_1_128' title='bbox 225 1034 402 1075; x_wconf 69' lang='grc' dir='ltr'>Ἀθηναῖος</span> <span class='ocrx_word' id='word_1_129' title='bbox 421 1033 641 1100; x_wconf 60' lang='grc' dir='ltr'>ξυνέγραψε</span> <span class='ocrx_word' id='word_1_130' title='bbox 661 1048 722 1072; x_wconf 84' lang='grc' dir='ltr'>τον</span> <span class='ocrx_word' id='word_1_131' title='bbox 741 1033 903 1083; x_wconf 67' lang='grc' dir='ltr'>πόλεμον</span> <span class='ocrx_word' id='word_1_132' title='bbox 921 1047 995 1072; x_wconf 89' lang='grc' dir='ltr'>των</span> <span class='ocrx_word' id='word_1_133' title='bbox 1018 1035 1318 1072; x_wconf 75' lang='grc' dir='ltr'>Πελοποννησίων</span> 
     </span>
     <span class='ocr_line' id='line_1_17' title="bbox 43 1084 1319 1139; baseline 0 -13"><span class='ocrx_word' id='word_1_134' title='bbox 43 1088 111 1126; x_wconf 71' lang='grc' dir='ltr'>και</span> <span class='ocrx_word' id='word_1_135' title='bbox 125 1085 370 1135; x_wconf 53' lang='lat' dir='ltr'>’Numicum‘</span> <span class='ocrx_word' id='word_1_136' title='bbox 348 1104 396 1128; x_wconf 81' lang='grc' dir='ltr'>ως</span> <span class='ocrx_word' id='word_1_137' title='bbox 415 1089 508 1128; x_wconf 62' lang='lat' dir='ltr'>{vro}</span> <span class='ocrx_word' id='word_1_138' title='bbox 512 1088 655 1139; x_wconf 62' lang='grc' dir='ltr'>εμησοιν</span> <span class='ocrx_word' id='word_1_139' title='bbox 669 1090 759 1139; x_wconf 72' lang='grc' dir='ltr'>προς</span> <span class='ocrx_word' id='word_1_140' title='bbox 779 1085 982 1134; x_wconf 67' lang='grc' dir='ltr'>ἀλλήλους,</span> <span class='ocrx_word' id='word_1_141' title='bbox 996 1086 1201 1138; x_wconf 75' lang='grc' dir='ltr'>ἀρξάμενος</span> <span class='ocrx_word' id='word_1_142' title='bbox 1216 1084 1319 1127; x_wconf 70' lang='grc' dir='ltr'>εὐθυς</span> 
     </span>
     <span class='ocr_line' id='line_1_18' title="bbox 34 1140 1320 1194; baseline 0 -15"><span class='ocrx_word' id='word_1_143' title='bbox 34 1141 330 1193; x_wconf 63' lang='grc' dir='ltr'>καθισταμένου.</span> <span class='ocrx_word' id='word_1_144' title='bbox 354 1143 475 1182; x_wconf 88' lang='lat' dir='ltr'>Vides</span> <span class='ocrx_word' id='word_1_145' title='bbox 503 1143 637 1182; x_wconf 87' lang='lat' dir='ltr'>omnia</span> <span class='ocrx_word' id='word_1_146' title='bbox 662 1141 899 1181; x_wconf 85' lang='lat' dir='ltr'>verbotenus</span> <span class='ocrx_word' id='word_1_147' title='bbox 928 1141 977 1179; x_wconf 86' lang='lat' dir='ltr'>ab</span> <span class='ocrx_word' id='word_1_148' title='bbox 1000 1141 1077 1180; x_wconf 92' lang='lat' dir='ltr'>hoc</span> <span class='ocrx_word' id='word_1_149' title='bbox 1102 1140 1320 1194; x_wconf 88' lang='lat' dir='ltr'>descripta,</span> 
     </span>
     <span class='ocr_line' id='line_1_19' title="bbox 41 1194 1318 1249; baseline -0.002 -13"><span class='ocrx_word' id='word_1_150' title='bbox 41 1208 194 1249; x_wconf 74' lang='lat' dir='ltr'>praeter</span> <span class='ocrx_word' id='word_1_151' title='bbox 219 1197 391 1236; x_wconf 88' lang='lat' dir='ltr'>ultimam</span> <span class='ocrx_word' id='word_1_152' title='bbox 419 1210 589 1243; x_wconf 84' lang='lat' dir='ltr'>vocem,</span> <span class='ocrx_word' id='word_1_153' title='bbox 614 1208 713 1248; x_wconf 88' lang='lat' dir='ltr'>quae</span> <span class='ocrx_word' id='word_1_154' title='bbox 744 1194 868 1234; x_wconf 81' lang='lat' dir='ltr'>forsan</span> <span class='ocrx_word' id='word_1_155' title='bbox 893 1195 1055 1234; x_wconf 82' lang='lat' dir='ltr'>Luciani</span> <span class='ocrx_word' id='word_1_156' title='bbox 1078 1206 1253 1247; x_wconf 88' lang='lat' dir='ltr'>tempore</span> <span class='ocrx_word' id='word_1_157' title='bbox 1280 1195 1318 1234; x_wconf 86' lang='lat' dir='ltr'>in</span> 
     </span>
     <span class='ocr_line' id='line_1_20' title="bbox 41 1247 1317 1302; baseline -0.002 -13"><span class='ocrx_word' id='word_1_158' title='bbox 41 1250 168 1290; x_wconf 72' lang='lat' dir='ltr'>(odd</span> <span class='ocrx_word' id='word_1_159' title='bbox 186 1251 429 1302; x_wconf 90' lang='lat' dir='ltr'>Thucydidis</span> <span class='ocrx_word' id='word_1_160' title='bbox 451 1263 501 1290; x_wconf 93' lang='lat' dir='ltr'>eo</span> <span class='ocrx_word' id='word_1_161' title='bbox 524 1250 643 1290; x_wconf 90' lang='lat' dir='ltr'>modo</span> <span class='ocrx_word' id='word_1_162' title='bbox 666 1249 885 1302; x_wconf 83' lang='lat' dir='ltr'>legebatur,</span> <span class='ocrx_word' id='word_1_163' title='bbox 909 1261 990 1300; x_wconf 88' lang='lat' dir='ltr'>quo</span> <span class='ocrx_word' id='word_1_164' title='bbox 1013 1261 1033 1287; x_wconf 88' lang='lat' dir='ltr'>a</span> <span class='ocrx_word' id='word_1_165' title='bbox 1054 1247 1317 1301; x_wconf 83' lang='lat' dir='ltr'>Calpurniano</span> 
     </span>
     <span class='ocr_line' id='line_1_21' title="bbox 41 1301 1319 1358; baseline -0.002 -15"><span class='ocrx_word' id='word_1_166' title='bbox 41 1303 182 1358; x_wconf 78' lang='lat' dir='ltr'>scripta</span> <span class='ocrx_word' id='word_1_167' title='bbox 195 1304 260 1345; x_wconf 87' lang='lat' dir='ltr'><strong>est.</strong></span> <span class='ocrx_word' id='word_1_168' title='bbox 282 1304 347 1345; x_wconf 91' lang='lat' dir='ltr'>De</span> <span class='ocrx_word' id='word_1_169' title='bbox 361 1304 580 1357; x_wconf 58' lang='grc' dir='ltr'>συνέγραψε</span> <span class='ocrx_word' id='word_1_170' title='bbox 596 1317 668 1355; x_wconf 82' lang='lat' dir='ltr'>pro</span> <span class='ocrx_word' id='word_1_171' title='bbox 685 1301 906 1356; x_wconf 39' lang='grc' dir='ltr'>ξυνέγραψε</span> <span class='ocrx_word' id='word_1_172' title='bbox 923 1302 1183 1353; x_wconf 86' lang='lat' dir='ltr'>Thucydidis,</span> <span class='ocrx_word' id='word_1_173' title='bbox 1206 1303 1319 1342; x_wconf 88' lang='lat' dir='ltr'>nimis</span> 
     </span>
     <span class='ocr_line' id='line_1_22' title="bbox 34 1356 1318 1412; baseline -0.001 -15"><span class='ocrx_word' id='word_1_174' title='bbox 34 1359 236 1399; x_wconf 59' lang='lat' dir='ltr'>&gt;minutum</span> <span class='ocrx_word' id='word_1_175' title='bbox 249 1360 443 1399; x_wconf 87' lang='lat' dir='ltr'>videatur:</span> <span class='ocrx_word' id='word_1_176' title='bbox 459 1358 676 1412; x_wconf 87' lang='lat' dir='ltr'>promiscue</span> <span class='ocrx_word' id='word_1_177' title='bbox 689 1371 748 1411; x_wconf 85' lang='lat' dir='ltr'><strong>ap.</strong></span> <span class='ocrx_word' id='word_1_178' title='bbox 762 1357 972 1396; x_wconf 82' lang='lat' dir='ltr'>Lucianum</span> <span class='ocrx_word' id='word_1_179' title='bbox 989 1356 1175 1404; x_wconf 84' lang='lat' dir='ltr'>scribitur,</span> <span class='ocrx_word' id='word_1_180' title='bbox 1190 1369 1318 1410; x_wconf 88' lang='lat' dir='ltr'>neque</span> 
     </span>
     <span class='ocr_line' id='line_1_23' title="bbox 41 1410 1269 1480; baseline -0.001 -29"><span class='ocrx_word' id='word_1_181' title='bbox 41 1412 140 1453; x_wconf 87' lang='lat' dir='ltr'>adeo</span> <span class='ocrx_word' id='word_1_182' title='bbox 156 1413 407 1459; x_wconf 85' lang='lat' dir='ltr'>mutandum,</span> <span class='ocrx_word' id='word_1_183' title='bbox 423 1425 602 1480; x_wconf 56' lang='lat' dir='ltr'>quamvis</span> <span class='ocrx_word' id='word_1_184' title='bbox 614 1411 793 1471; x_wconf 88' lang='lat' dir='ltr'>sequatur</span> <span class='ocrx_word' id='word_1_185' title='bbox 807 1410 1021 1462; x_wconf 72' lang='grc' dir='ltr'>ξυνισταμέ</span> <span class='ocrx_word' id='word_1_186' title='bbox 1023 1425 1090 1451; x_wconf 87' lang='grc' dir='ltr'>νου.</span> <span class='ocrx_word' id='word_1_187' title='bbox 1110 1411 1269 1450; x_wconf 77' lang='lat' dir='ltr'><strong>SOLAN.</strong></span> 
     </span>
    </p>

    <p class='ocr_par' dir='ltr' id='par_1_5' title="bbox 35 1463 1320 2060">
     <span class='ocr_line' id='line_1_24' title="bbox 97 1463 1316 1517; baseline -0.002 -11"><span class='ocrx_word' id='word_1_188' title='bbox 97 1468 206 1506; x_wconf 84' lang='lat' dir='ltr'><strong>ead.l.</strong></span> <span class='ocrx_word' id='word_1_189' title='bbox 223 1467 258 1506; x_wconf 89' lang='lat'><strong>8.</strong></span> <span class='ocrx_word' id='word_1_190' title='bbox 275 1466 480 1517; x_wconf 63' lang='grc' dir='ltr'>Κοιιὶᾶυμου</span> <span class='ocrx_word' id='word_1_191' title='bbox 492 1482 556 1506; x_wconf 85' lang='grc' dir='ltr'>του</span> <span class='ocrx_word' id='word_1_192' title='bbox 572 1464 745 1505; x_wconf 64' lang='lat' dir='ltr'>’Ammo</span> <span class='ocrx_word' id='word_1_193' title='bbox 761 1464 1048 1517; x_wconf 73' lang='grc' dir='ltr'>ἀποπνέουσαν)</span> <span class='ocrx_word' id='word_1_194' title='bbox 1065 1463 1199 1516; x_wconf 83' lang='lat' dir='ltr'>Quid,</span> <span class='ocrx_word' id='word_1_195' title='bbox 1221 1478 1316 1514; x_wconf 74' lang='lat' dir='ltr'>oro,</span> 
     </span>
     <span class='ocr_line' id='line_1_25' title="bbox 41 1518 1318 1573; baseline -0.002 -13"><span class='ocrx_word' id='word_1_196' title='bbox 41 1521 233 1573; x_wconf 65' lang='grc' dir='ltr'>χαρίεντα</span> <span class='ocrx_word' id='word_1_197' title='bbox 248 1534 336 1561; x_wconf 90' lang='lat' dir='ltr'>cum</span> <span class='ocrx_word' id='word_1_198' title='bbox 353 1520 568 1572; x_wconf 47' lang='lat' dir='ltr'>&amp;vuchei-2513</span> <span class='ocrx_word' id='word_1_199' title='bbox 585 1520 626 1559; x_wconf 70' lang='grc' dir='ltr'>δε</span> <span class='ocrx_word' id='word_1_200' title='bbox 643 1520 729 1573; x_wconf 86' lang='lat' dir='ltr'>quis</span> <span class='ocrx_word' id='word_1_201' title='bbox 748 1518 808 1558; x_wconf 89' lang='lat' dir='ltr'>ille</span> <span class='ocrx_word' id='word_1_202' title='bbox 829 1522 947 1569; x_wconf 59' lang='grc' dir='ltr'>ῧυμος</span> <span class='ocrx_word' id='word_1_203' title='bbox 967 1518 1030 1557; x_wconf 87' lang='lat' dir='ltr'>vel</span> <span class='ocrx_word' id='word_1_204' title='bbox 1051 1520 1198 1558; x_wconf 86' lang='lat' dir='ltr'>animus</span> <span class='ocrx_word' id='word_1_205' title='bbox 1213 1520 1318 1558; x_wconf 87' lang='lat' dir='ltr'>Atti-</span> 
     </span>
     <span class='ocr_line' id='line_1_26' title="bbox 41 1573 1320 1635; baseline -0.003 -20"><span class='ocrx_word' id='word_1_206' title='bbox 41 1587 136 1621; x_wconf 87' lang='lat' dir='ltr'>cus,</span> <span class='ocrx_word' id='word_1_207' title='bbox 151 1587 268 1635; x_wconf 90' lang='lat' dir='ltr'>quem</span> <span class='ocrx_word' id='word_1_208' title='bbox 286 1573 456 1616; x_wconf 85' lang='lat' dir='ltr'>offerunt</span> <span class='ocrx_word' id='word_1_209' title='bbox 471 1573 721 1627; x_wconf 81' lang='lat' dir='ltr'>interpretes?</span> <span class='ocrx_word' id='word_1_210' title='bbox 743 1573 872 1613; x_wconf 87' lang='lat' dir='ltr'>Scribe</span> <span class='ocrx_word' id='word_1_211' title='bbox 888 1586 1151 1625; x_wconf 54' lang='grc' dir='ltr'>χαριεστάτην</span> <span class='ocrx_word' id='word_1_212' title='bbox 1172 1574 1235 1612; x_wconf 70' lang='grc' dir='ltr'>και</span> <span class='ocrx_word' id='word_1_213' title='bbox 1252 1573 1320 1611; x_wconf 60' lang='grc' dir='ltr'>δύ-</span> 
     </span>
     <span class='ocr_line' id='line_1_27' title="bbox 40 1626 1317 1681; baseline -0.002 -14"><span class='ocrx_word' id='word_1_214' title='bbox 40 1643 115 1680; x_wconf 86' lang='grc' dir='ltr'>μου</span> <span class='ocrx_word' id='word_1_215' title='bbox 132 1643 199 1669; x_wconf 91' lang='grc' dir='ltr'>του</span> <span class='ocrx_word' id='word_1_216' title='bbox 213 1627 386 1668; x_wconf 79' lang='grc' dir='ltr'>Ἀττικου</span> <span class='ocrx_word' id='word_1_217' title='bbox 404 1629 572 1669; x_wconf 75' lang='grc' dir='ltr'>ἀπ.110&lt;;</span> <span class='ocrx_word' id='word_1_218' title='bbox 587 1627 662 1676; x_wconf 89' lang='lat' dir='ltr'>est,</span> <span class='ocrx_word' id='word_1_219' title='bbox 680 1626 747 1681; x_wconf 71' lang='lat' dir='ltr'>fist</span> <span class='ocrx_word' id='word_1_220' title='bbox 747 1628 835 1680; x_wconf 75' lang='lat' dir='ltr'>wlff</span> <span class='ocrx_word' id='word_1_221' title='bbox 833 1641 922 1666; x_wconf 82' lang='lat' dir='ltr'>mum</span> <span class='ocrx_word' id='word_1_222' title='bbox 937 1626 1143 1678; x_wconf 74' lang='lat' dir='ltr'>&amp;thymum</span> <span class='ocrx_word' id='word_1_223' title='bbox 1159 1627 1317 1666; x_wconf 78' lang='lat' dir='ltr'>Atticum</span> 
     </span>
     <span class='ocr_line' id='line_1_28' title="bbox 35 1680 1316 1736; baseline -0.002 -15"><span class='ocrx_word' id='word_1_224' title='bbox 35 1682 192 1736; x_wconf 84' lang='lat' dir='ltr'>spirans.</span> <span class='ocrx_word' id='word_1_225' title='bbox 208 1682 270 1722; x_wconf 84' lang='lat' dir='ltr'>Est</span> <span class='ocrx_word' id='word_1_226' title='bbox 283 1683 386 1723; x_wconf 90' lang='lat' dir='ltr'>enim</span> <span class='ocrx_word' id='word_1_227' title='bbox 404 1681 569 1723; x_wconf 84' lang='lat' dir='ltr'>allufio</span> <span class='ocrx_word' id='word_1_228' title='bbox 561 1683 709 1722; x_wconf 75' lang='lat' dir='ltr'>ironica</span> <span class='ocrx_word' id='word_1_229' title='bbox 731 1682 777 1721; x_wconf 81' lang='lat' dir='ltr'>ad</span> <span class='ocrx_word' id='word_1_230' title='bbox 792 1681 995 1732; x_wconf 84' lang='lat' dir='ltr'>Hymettia</span> <span class='ocrx_word' id='word_1_231' title='bbox 1014 1680 1145 1728; x_wconf 87' lang='lat' dir='ltr'>mella,</span> <span class='ocrx_word' id='word_1_232' title='bbox 1163 1680 1205 1720; x_wconf 87' lang='lat'>&amp;</span> <span class='ocrx_word' id='word_1_233' title='bbox 1227 1681 1316 1719; x_wconf 82' lang='lat' dir='ltr'>alibi</span> 
     </span>
     <span class='ocr_line' id='line_1_29' title="bbox 39 1733 1315 1788; baseline -0.002 -12"><span class='ocrx_word' id='word_1_234' title='bbox 39 1737 135 1777; x_wconf 80' lang='lat' dir='ltr'>usus</span> <span class='ocrx_word' id='word_1_235' title='bbox 151 1735 216 1777; x_wconf 88' lang='lat' dir='ltr'><strong>est.</strong></span> <span class='ocrx_word' id='word_1_236' title='bbox 231 1737 330 1777; x_wconf 88' lang='lat' dir='ltr'>Mox</span> <span class='ocrx_word' id='word_1_237' title='bbox 348 1737 450 1778; x_wconf 65' lang='lat' dir='ltr'>recte</span> <span class='ocrx_word' id='word_1_238' title='bbox 464 1737 511 1776; x_wconf 85' lang='lat' dir='ltr'>ab</span> <span class='ocrx_word' id='word_1_239' title='bbox 526 1736 601 1777; x_wconf 84' lang='lat' dir='ltr'>Iac.</span> <span class='ocrx_word' id='word_1_240' title='bbox 616 1737 726 1788; x_wconf 82' lang='lat' dir='ltr'>Micy</span> <span class='ocrx_word' id='word_1_241' title='bbox 717 1735 783 1775; x_wconf 94' lang='lat' dir='ltr'>llo</span> <span class='ocrx_word' id='word_1_242' title='bbox 796 1733 998 1784; x_wconf 72' lang='grc' dir='ltr'>Πομπηίου</span> <span class='ocrx_word' id='word_1_243' title='bbox 1013 1735 1174 1774; x_wconf 76' lang='grc' dir='ltr'>πολίτης</span> <span class='ocrx_word' id='word_1_244' title='bbox 1191 1735 1315 1774; x_wconf 90' lang='lat' dir='ltr'>reddi·</span> 
     </span>
     <span class='ocr_line' id='line_1_30' title="bbox 42 1788 1318 1844; baseline -0.004 -13"><span class='ocrx_word' id='word_1_245' title='bbox 42 1801 108 1831; x_wconf 84' lang='lat' dir='ltr'>tur</span> <span class='ocrx_word' id='word_1_246' title='bbox 120 1791 403 1844; x_wconf 78' lang='lat' dir='ltr'>Pompeiopolim,</span> <span class='ocrx_word' id='word_1_247' title='bbox 422 1802 466 1832; x_wconf 88' lang='lat' dir='ltr'>ut</span> <span class='ocrx_word' id='word_1_248' title='bbox 478 1790 707 1844; x_wconf 77' lang='lat' dir='ltr'>cognoscas,</span> <span class='ocrx_word' id='word_1_249' title='bbox 718 1802 889 1830; x_wconf 85' lang='lat' dir='ltr'>errorem</span> <span class='ocrx_word' id='word_1_250' title='bbox 903 1789 1015 1827; x_wconf 90' lang='lat' dir='ltr'>unius</span> <span class='ocrx_word' id='word_1_251' title='bbox 1029 1788 1224 1827; x_wconf 70' lang='lat' dir='ltr'>Benediffl</span> <span class='ocrx_word' id='word_1_252' title='bbox 1238 1801 1318 1828; x_wconf 89' lang='lat' dir='ltr'>non</span> 
     </span>
     <span class='ocr_line' id='line_1_31' title="bbox 42 1841 1314 1895; baseline -0.003 -11"><span class='ocrx_word' id='word_1_253' title='bbox 42 1844 119 1885; x_wconf 85' lang='lat' dir='ltr'>effe</span> <span class='ocrx_word' id='word_1_254' title='bbox 129 1846 250 1892; x_wconf 87' lang='lat' dir='ltr'>tanti,</span> <span class='ocrx_word' id='word_1_255' title='bbox 264 1856 307 1885; x_wconf 92' lang='lat' dir='ltr'>ut</span> <span class='ocrx_word' id='word_1_256' title='bbox 318 1858 367 1885; x_wconf 87' lang='lat' dir='ltr'>ex</span> <span class='ocrx_word' id='word_1_257' title='bbox 380 1858 430 1885; x_wconf 93' lang='lat' dir='ltr'>eo</span> <span class='ocrx_word' id='word_1_258' title='bbox 443 1846 721 1885; x_wconf 88' lang='lat' dir='ltr'>incrementum</span> <span class='ocrx_word' id='word_1_259' title='bbox 734 1855 870 1895; x_wconf 86' lang='lat' dir='ltr'>capere</span> <span class='ocrx_word' id='word_1_260' title='bbox 881 1841 1052 1881; x_wconf 88' lang='lat' dir='ltr'>debuerit</span> <span class='ocrx_word' id='word_1_261' title='bbox 1068 1841 1177 1888; x_wconf 83' lang='lat' dir='ltr'>alter,</span> <span class='ocrx_word' id='word_1_262' title='bbox 1197 1855 1314 1894; x_wconf 85' lang='lat' dir='ltr'>quem</span> 
     </span>
     <span class='ocr_line' id='line_1_32' title="bbox 42 1894 1315 1944; baseline -0.004 -5"><span class='ocrx_word' id='word_1_263' title='bbox 42 1899 83 1938; x_wconf 86' lang='lat' dir='ltr'>in</span> <span class='ocrx_word' id='word_1_264' title='bbox 97 1899 168 1939; x_wconf 86' lang='lat' dir='ltr'>hac</span> <span class='ocrx_word' id='word_1_265' title='bbox 181 1899 349 1939; x_wconf 86' lang='lat' dir='ltr'>editione</span> <span class='ocrx_word' id='word_1_266' title='bbox 361 1910 589 1938; x_wconf 86' lang='lat' dir='ltr'>annotatum</span> <span class='ocrx_word' id='word_1_267' title='bbox 603 1899 731 1944; x_wconf 81' lang='lat' dir='ltr'>vides,</span> <span class='ocrx_word' id='word_1_268' title='bbox 751 1898 792 1937; x_wconf 74' lang='grc' dir='ltr'>δι</span> <span class='ocrx_word' id='word_1_269' title='bbox 806 1895 940 1936; x_wconf 65' lang='lat' dir='ltr'>auctor</span> <span class='ocrx_word' id='word_1_270' title='bbox 952 1894 1250 1935; x_wconf 66' lang='lat' dir='ltr'>dissertationum</span> <span class='ocrx_word' id='word_1_271' title='bbox 1269 1897 1315 1935; x_wconf 87' lang='lat' dir='ltr'>de</span> 
     </span>
     <span class='ocr_line' id='line_1_33' title="bbox 43 1927 1316 2006; baseline -0.004 -13"><span class='ocrx_word' id='word_1_272' title='bbox 43 1952 273 2006; x_wconf 87' lang='lat' dir='ltr'>praestantia</span> <span class='ocrx_word' id='word_1_273' title='bbox 285 1952 498 1993; x_wconf 87' lang='lat' dir='ltr'>numismat.</span> <span class='ocrx_word' id='word_1_274' title='bbox 511 1965 599 2006; x_wconf 85' lang='lat' dir='ltr'><strong>pag.</strong></span> <span class='ocrx_word' id='word_1_275' title='bbox 617 1966 702 2006; x_wconf 87' lang='lat'><strong>529.</strong></span> <span class='ocrx_word' id='word_1_276' title='bbox 721 1927 771 1992; x_wconf 59' lang='lat' dir='ltr'>&#39;Et</span> <span class='ocrx_word' id='word_1_277' title='bbox 788 1963 836 1991; x_wconf 87' lang='lat' dir='ltr'>an</span> <span class='ocrx_word' id='word_1_278' title='bbox 857 1962 938 1990; x_wconf 88' lang='lat' dir='ltr'>non</span> <span class='ocrx_word' id='word_1_279' title='bbox 958 1949 1053 1989; x_wconf 87' lang='lat' dir='ltr'>alter</span> <span class='ocrx_word' id='word_1_280' title='bbox 1072 1949 1268 1989; x_wconf 88' lang='lat' dir='ltr'>alterum</span> <span class='ocrx_word' id='word_1_281' title='bbox 1259 1963 1316 1989; x_wconf 88' lang='lat' dir='ltr'>m-</span> 
     </span>
     <span class='ocr_line' id='line_1_34' title="bbox 42 2006 353 2060; baseline -0.003 -13"><span class='ocrx_word' id='word_1_282' title='bbox 42 2006 188 2060; x_wconf 81' lang='lat' dir='ltr'>spexit?</span> <span class='ocrx_word' id='word_1_283' title='bbox 207 2006 353 2048; x_wconf 72' lang='lat' dir='ltr'><strong>GRON.</strong></span> 
     </span>
    </p>

    <p class='ocr_par' dir='ltr' id='par_1_6' title="bbox 35 2054 1316 2543">
     <span class='ocr_line' id='line_1_35' title="bbox 99 2054 1314 2113; baseline -0.002 -13"><span class='ocrx_word' id='word_1_284' title='bbox 99 2062 177 2100; x_wconf 82' lang='lat' dir='ltr'>ibid.</span> <span class='ocrx_word' id='word_1_285' title='bbox 190 2060 343 2113; x_wconf 82' lang='grc' dir='ltr'>Θυμου)</span> <span class='ocrx_word' id='word_1_286' title='bbox 357 2061 426 2101; x_wconf 86' lang='grc' dir='ltr'>Κοιι</span> <span class='ocrx_word' id='word_1_287' title='bbox 440 2059 506 2100; x_wconf 76' lang='grc' dir='ltr'>την</span> <span class='ocrx_word' id='word_1_288' title='bbox 521 2058 645 2112; x_wconf 72' lang='grc' dir='ltr'>ἀρχην</span> <span class='ocrx_word' id='word_1_289' title='bbox 657 2054 704 2099; x_wconf 74' lang='grc' dir='ltr'>ὧς</span> <span class='ocrx_word' id='word_1_290' title='bbox 715 2057 864 2105; x_wconf 76' lang='grc' dir='ltr'>ἑκεινος,</span> <span class='ocrx_word' id='word_1_291' title='bbox 876 2057 940 2098; x_wconf 83' lang='grc' dir='ltr'>σὺν</span> <span class='ocrx_word' id='word_1_292' title='bbox 953 2072 1005 2106; x_wconf 82' lang='grc' dir='ltr'>τῳ</span> <span class='ocrx_word' id='word_1_293' title='bbox 1017 2055 1152 2098; x_wconf 72' lang='grc' dir='ltr'>ἑαυτου</span> <span class='ocrx_word' id='word_1_294' title='bbox 1163 2057 1314 2108; x_wconf 81' lang='grc' dir='ltr'>ὂνομοιτι</span> 
     </span>
     <span class='ocr_line' id='line_1_36' title="bbox 43 2111 1315 2169; baseline -0.003 -14"><span class='ocrx_word' id='word_1_295' title='bbox 43 2113 210 2167; x_wconf 65' lang='grc' dir='ltr'>ἶν’ρξοιτο,</span> <span class='ocrx_word' id='word_1_296' title='bbox 223 2115 488 2169; x_wconf 57' lang='grc' dir='ltr'>χαριεστάτην</span> <span class='ocrx_word' id='word_1_297' title='bbox 504 2113 632 2167; x_wconf 69' lang='grc' dir='ltr'>ἀρχῶν</span> <span class='ocrx_word' id='word_1_298' title='bbox 651 2111 830 2159; x_wconf 65' lang='grc' dir='ltr'>ἁπασῶν,</span> <span class='ocrx_word' id='word_1_299' title='bbox 844 2112 910 2150; x_wconf 69' lang='grc' dir='ltr'>καὶ</span> <span class='ocrx_word' id='word_1_300' title='bbox 922 2111 1044 2162; x_wconf 61' lang='grc' dir='ltr'>θυμοῦ</span> <span class='ocrx_word' id='word_1_301' title='bbox 1060 2127 1126 2152; x_wconf 88' lang='grc' dir='ltr'>του</span> <span class='ocrx_word' id='word_1_302' title='bbox 1138 2111 1315 2151; x_wconf 80' lang='grc' dir='ltr'>Ἀττικου</span> 
     </span>
     <span class='ocr_line' id='line_1_37' title="bbox 43 2167 1314 2230; baseline -0.003 -23"><span class='ocrx_word' id='word_1_303' title='bbox 43 2169 320 2209; x_wconf 66' lang='grc' dir='ltr'>ἀποπνέουσαν.</span> <span class='ocrx_word' id='word_1_304' title='bbox 336 2169 544 2230; x_wconf 45' lang='lat' dir='ltr'>Interpre-s:</span> <span class='ocrx_word' id='word_1_305' title='bbox 567 2169 651 2208; x_wconf 89' lang='lat' dir='ltr'>Cum</span> <span class='ocrx_word' id='word_1_306' title='bbox 659 2168 725 2219; x_wconf 89' lang='lat' dir='ltr'>suo</span> <span class='ocrx_word' id='word_1_307' title='bbox 737 2167 866 2206; x_wconf 84' lang='lat' dir='ltr'>nomine</span> <span class='ocrx_word' id='word_1_308' title='bbox 874 2167 1079 2218; x_wconf 77' lang='lat' dir='ltr'>principium</span> <span class='ocrx_word' id='word_1_309' title='bbox 1092 2167 1203 2211; x_wconf 81' lang='lat' dir='ltr'>duxit</span> <span class='ocrx_word' id='word_1_310' title='bbox 1218 2179 1256 2204; x_wconf 81' lang='lat' dir='ltr'>ut</span> <span class='ocrx_word' id='word_1_311' title='bbox 1269 2167 1314 2203; x_wconf 82' lang='lat' dir='ltr'>il·</span> 
     </span>
     <span class='ocr_line' id='line_1_38' title="bbox 45 2221 1311 2277; baseline -0.003 -15"><span class='ocrx_word' id='word_1_312' title='bbox 45 2224 75 2262; x_wconf 86' lang='lat' dir='ltr'>le</span> <span class='ocrx_word' id='word_1_313' title='bbox 84 2222 344 2277; x_wconf 66' lang='lat' dir='ltr'>‚festt&#39;vg&#39;ffimum</span> <span class='ocrx_word' id='word_1_314' title='bbox 362 2223 450 2262; x_wconf 80' lang='lat' dir='ltr'><em>illud</em></span> <span class='ocrx_word' id='word_1_315' title='bbox 460 2223 700 2276; x_wconf 70' lang='lat' dir='ltr'>principiorum</span> <span class='ocrx_word' id='word_1_316' title='bbox 725 2221 895 2267; x_wconf 84' lang='lat' dir='ltr'>omnium,</span> <span class='ocrx_word' id='word_1_317' title='bbox 918 2221 1130 2273; x_wconf 79' lang='lat' dir='ltr'>animumque</span> <span class='ocrx_word' id='word_1_318' title='bbox 1154 2221 1311 2259; x_wconf 84' lang='lat' dir='ltr'>Atticum</span> 
     </span>
     <span class='ocr_line' id='line_1_39' title="bbox 35 2274 1315 2331; baseline -0.002 -16"><span class='ocrx_word' id='word_1_319' title='bbox 35 2277 96 2329; x_wconf 82' lang='lat' dir='ltr'>s&#39;</span> <span class='ocrx_word' id='word_1_320' title='bbox 84 2293 190 2316; x_wconf 72' lang='lat' dir='ltr'>trans.</span> <span class='ocrx_word' id='word_1_321' title='bbox 210 2277 346 2331; x_wconf 90' lang='lat' dir='ltr'>Inepte</span> <span class='ocrx_word' id='word_1_322' title='bbox 375 2277 523 2316; x_wconf 87' lang='lat' dir='ltr'>animus</span> <span class='ocrx_word' id='word_1_323' title='bbox 547 2276 698 2315; x_wconf 87' lang='lat' dir='ltr'>Atticus</span> <span class='ocrx_word' id='word_1_324' title='bbox 723 2274 903 2314; x_wconf 86' lang='lat' dir='ltr'>tribuitur</span> <span class='ocrx_word' id='word_1_325' title='bbox 927 2274 1100 2313; x_wconf 79' lang='lat' dir='ltr'>exordio.</span> <span class='ocrx_word' id='word_1_326' title='bbox 1125 2275 1315 2314; x_wconf 86' lang='lat' dir='ltr'>Lucianus</span> 
     </span>
     <span class='ocr_line' id='line_1_40' title="bbox 43 2293 1317 2384; baseline -0.003 -14"><span class='ocrx_word' id='word_1_327' title='bbox 43 2293 213 2384; x_wconf 51' lang='lat' dir='ltr'>fripfit,</span> <span class='ocrx_word' id='word_1_328' title='bbox 229 2332 495 2384; x_wconf 63' lang='grc' dir='ltr'>χαριεστάτην</span> <span class='ocrx_word' id='word_1_329' title='bbox 511 2346 592 2383; x_wconf 72' lang='grc' dir='ltr'>αρχ</span> <span class='ocrx_word' id='word_1_330' title='bbox 595 2345 639 2369; x_wconf 84' lang='grc' dir='ltr'>ων</span> <span class='ocrx_word' id='word_1_331' title='bbox 654 2328 828 2375; x_wconf 68' lang='grc' dir='ltr'>ἄποια-ων,</span> <span class='ocrx_word' id='word_1_332' title='bbox 849 2329 912 2367; x_wconf 71' lang='grc' dir='ltr'>καὶ</span> <span class='ocrx_word' id='word_1_333' title='bbox 927 2327 1048 2377; x_wconf 61' lang='grc' dir='ltr'>,θύμου</span> <span class='ocrx_word' id='word_1_334' title='bbox 1068 2343 1132 2367; x_wconf 82' lang='grc' dir='ltr'>του</span> <span class='ocrx_word' id='word_1_335' title='bbox 1145 2325 1317 2367; x_wconf 78' lang='grc' dir='ltr'>Ἀττικου</span> 
     </span>
     <span class='ocr_line' id='line_1_41' title="bbox 46 2382 1314 2438; baseline -0.002 -14"><span class='ocrx_word' id='word_1_336' title='bbox 46 2385 325 2431; x_wconf 70' lang='grc' dir='ltr'>ἀποπνέουσαν,</span> <span class='ocrx_word' id='word_1_337' title='bbox 336 2385 603 2438; x_wconf 64' lang='grc' dir='ltr'>εἰεὲαητξθῖνηιινη</span> <span class='ocrx_word' id='word_1_338' title='bbox 613 2399 760 2423; x_wconf 86' lang='lat' dir='ltr'>ommum</span> <span class='ocrx_word' id='word_1_339' title='bbox 773 2383 983 2422; x_wconf 81' lang='lat' dir='ltr'>exordiorum</span> <span class='ocrx_word' id='word_1_340' title='bbox 997 2382 1031 2420; x_wconf 69' lang='grc' dir='ltr'>δ’</span> <span class='ocrx_word' id='word_1_341' title='bbox 1046 2383 1202 2434; x_wconf 82' lang='lat' dir='ltr'>thymum</span> <span class='ocrx_word' id='word_1_342' title='bbox 1217 2383 1314 2421; x_wconf 80' lang='lat' dir='ltr'>Am·-</span> 
     </span>
     <span class='ocr_line' id='line_1_42' title="bbox 47 2436 1316 2489; baseline -0.003 -11"><span class='ocrx_word' id='word_1_343' title='bbox 47 2454 120 2478; x_wconf 85' lang='lat' dir='ltr'>cum</span> <span class='ocrx_word' id='word_1_344' title='bbox 136 2440 296 2487; x_wconf 83' lang='lat' dir='ltr'>redolens,</span> <span class='ocrx_word' id='word_1_345' title='bbox 315 2439 394 2478; x_wconf 92' lang='lat' dir='ltr'>hoc</span> <span class='ocrx_word' id='word_1_346' title='bbox 415 2439 489 2483; x_wconf 89' lang='lat' dir='ltr'>est</span> <span class='ocrx_word' id='word_1_347' title='bbox 511 2438 678 2477; x_wconf 86' lang='lat' dir='ltr'>Atticam</span> <span class='ocrx_word' id='word_1_348' title='bbox 697 2436 944 2489; x_wconf 81' lang='lat' dir='ltr'>elegantiam3</span> <span class='ocrx_word' id='word_1_349' title='bbox 961 2447 1004 2475; x_wconf 89' lang='lat' dir='ltr'>ut</span> <span class='ocrx_word' id='word_1_350' title='bbox 1029 2436 1171 2476; x_wconf 89' lang='lat' dir='ltr'>dudum</span> <span class='ocrx_word' id='word_1_351' title='bbox 1190 2448 1316 2476; x_wconf 90' lang='lat' dir='ltr'>emen-</span> 
     </span>
     <span class='ocr_line' id='line_1_43' title="bbox 44 2490 1316 2543; baseline -0.002 -10"><span class='ocrx_word' id='word_1_352' title='bbox 44 2492 211 2534; x_wconf 81' lang='lat' dir='ltr'>dandum</span> <span class='ocrx_word' id='word_1_353' title='bbox 227 2493 398 2535; x_wconf 86' lang='lat' dir='ltr'>ostendi&#39;</span> <span class='ocrx_word' id='word_1_354' title='bbox 390 2491 671 2533; x_wconf 59' lang='lat' dir='ltr'>iniectionibus</span> <span class='ocrx_word' id='word_1_355' title='bbox 689 2490 899 2532; x_wconf 83' lang='lat' dir='ltr'>Hefiodeis.</span> <span class='ocrx_word' id='word_1_356' title='bbox 915 2490 1077 2530; x_wconf 90' lang='lat' dir='ltr'>Pertinet</span> <span class='ocrx_word' id='word_1_357' title='bbox 1093 2490 1191 2538; x_wconf 85' lang='lat' dir='ltr'>huc,</span> <span class='ocrx_word' id='word_1_358' title='bbox 1208 2490 1316 2543; x_wconf 87' lang='lat' dir='ltr'>quod</span> 
     </span>
    </p>
   </div>
  </div>
 </body>
</html>
