<?xml version="1.0" encoding="UTF-8"?>
<!DOCTYPE html PUBLIC "-//W3C//DTD XHTML 1.0 Transitional//EN"
    "http://www.w3.org/TR/xhtml1/DTD/xhtml1-transitional.dtd">
<html xmlns="http://www.w3.org/1999/xhtml" xml:lang="en" lang="en">
 <head>
  <title>
</title>
<meta http-equiv="Content-Type" content="text/html;charset=utf-8" />
  <meta name='ocr-system' content='tesseract 3.04.00' />
  <meta name='ocr-capabilities' content='ocr_page ocr_carea ocr_par ocr_line ocrx_word'/>
</head>
<body>
  <div class='ocr_page' id='page_1' title='image "./operagraeceetlat04luciuoft/operagraeceetlat04luciuoft_0470.png"; bbox 0 0 1841 3180; ppageno 0'>
   <div class='ocr_carea' id='block_1_1' title="bbox 480 135 1564 198">
    <p class='ocr_par' dir='ltr' id='par_1_1' title="bbox 480 135 1564 198">
     <span class='ocr_line' id='line_1_1' title="bbox 480 135 1564 198; baseline -0.001 -12"><span class='ocrx_word' id='word_1_1' title='bbox 480 141 576 198; x_wconf 73' lang='lat'>&#39;462</span> <span class='ocrx_word' id='word_1_2' title='bbox 683 135 1564 185; x_wconf 81' lang='lat' dir='ltr'><strong>ANNOTATIONES</strong></span> 
     </span>
    </p>
   </div>
   <div class='ocr_carea' id='block_1_2' title="bbox 474 222 1767 2502">
    <p class='ocr_par' dir='ltr' id='par_1_2' title="bbox 477 222 1764 930">
     <span class='ocr_line' id='line_1_2' title="bbox 477 222 1758 281; baseline 0.001 -14"><span class='ocrx_word' id='word_1_3' title='bbox 477 228 562 279; x_wconf 79' lang='grc' dir='ltr'>μὲν,</span> <span class='ocrx_word' id='word_1_4' title='bbox 575 222 717 269; x_wconf 71' lang='grc' dir='ltr'>οιῦτίκοι</span> <span class='ocrx_word' id='word_1_5' title='bbox 731 227 943 280; x_wconf 68' lang='grc' dir='ltr'>ἀπὰξητκὶ</span> <span class='ocrx_word' id='word_1_6' title='bbox 957 241 1014 267; x_wconf 81' lang='grc' dir='ltr'>σε.</span> <span class='ocrx_word' id='word_1_7' title='bbox 1034 228 1152 281; x_wconf 82' lang='lat' dir='ltr'><em>Atque</em></span> <span class='ocrx_word' id='word_1_8' title='bbox 1165 240 1203 267; x_wconf 81' lang='lat' dir='ltr'>ut</span> <span class='ocrx_word' id='word_1_9' title='bbox 1213 229 1391 279; x_wconf 82' lang='lat' dir='ltr'>impensius</span> <span class='ocrx_word' id='word_1_10' title='bbox 1399 228 1539 275; x_wconf 80' lang='lat' dir='ltr'>mireris,</span> <span class='ocrx_word' id='word_1_11' title='bbox 1553 228 1658 268; x_wconf 79' lang='lat' dir='ltr'><em>um&#39;us</em></span> <span class='ocrx_word' id='word_1_12' title='bbox 1667 228 1758 281; x_wconf 61' lang='lat' dir='ltr'>eiusl</span> 
     </span>
     <span class='ocr_line' id='line_1_3' title="bbox 481 281 1758 335; baseline -0.001 -15"><span class='ocrx_word' id='word_1_13' title='bbox 481 284 616 335; x_wconf 84' lang='lat' dir='ltr'>demque</span> <span class='ocrx_word' id='word_1_14' title='bbox 621 281 705 334; x_wconf 82' lang='lat' dir='ltr'>sunt</span> <span class='ocrx_word' id='word_1_15' title='bbox 711 281 883 334; x_wconf 73' lang='lat' dir='ltr'>familiae,</span> <span class='ocrx_word' id='word_1_16' title='bbox 891 282 994 332; x_wconf 86' lang='lat' dir='ltr'><em>filius</em></span> <span class='ocrx_word' id='word_1_17' title='bbox 1009 281 1043 320; x_wconf 61' lang='grc' dir='ltr'>ἐξ)</span> <span class='ocrx_word' id='word_1_18' title='bbox 1052 294 1166 334; x_wconf 74' lang='lat' dir='ltr'>pater:</span> <span class='ocrx_word' id='word_1_19' title='bbox 1180 283 1235 320; x_wconf 81' lang='lat' dir='ltr'>lu&#39;c</span> <span class='ocrx_word' id='word_1_20' title='bbox 1249 283 1420 334; x_wconf 75' lang='lat' dir='ltr'>quidemst</span> <span class='ocrx_word' id='word_1_21' title='bbox 1430 283 1602 329; x_wconf 82' lang='lat' dir='ltr'>Solonem,</span> <span class='ocrx_word' id='word_1_22' title='bbox 1613 295 1675 322; x_wconf 81' lang='lat' dir='ltr'>aut</span> <span class='ocrx_word' id='word_1_23' title='bbox 1687 284 1758 322; x_wconf 82' lang='lat' dir='ltr'>Pe.</span> 
     </span>
     <span class='ocr_line' id='line_1_4' title="bbox 479 335 1755 389; baseline 0 -13"><span class='ocrx_word' id='word_1_24' title='bbox 479 336 608 383; x_wconf 77' lang='lat' dir='ltr'>riclem,</span> <span class='ocrx_word' id='word_1_25' title='bbox 621 350 682 375; x_wconf 84' lang='lat' dir='ltr'>aut</span> <span class='ocrx_word' id='word_1_26' title='bbox 692 337 871 389; x_wconf 66' lang='lat' dir='ltr'>Aristidem</span> <span class='ocrx_word' id='word_1_27' title='bbox 882 336 996 375; x_wconf 81' lang='lat' dir='ltr'>animo</span> <span class='ocrx_word' id='word_1_28' title='bbox 1007 335 1121 385; x_wconf 66' lang='lat' dir='ltr'>verffis</span> <span class='ocrx_word' id='word_1_29' title='bbox 1135 335 1189 388; x_wconf 80' lang='lat' dir='ltr'>(h.</span> <span class='ocrx_word' id='word_1_30' title='bbox 1199 349 1232 375; x_wconf 89' lang='lat' dir='ltr'>e.</span> <span class='ocrx_word' id='word_1_31' title='bbox 1246 348 1352 387; x_wconf 86' lang='lat' dir='ltr'>pater</span> <span class='ocrx_word' id='word_1_32' title='bbox 1364 335 1449 375; x_wconf 84' lang='lat' dir='ltr'>talis</span> <span class='ocrx_word' id='word_1_33' title='bbox 1460 335 1672 376; x_wconf 85' lang='lat' dir='ltr'>censendus</span> <span class='ocrx_word' id='word_1_34' title='bbox 1685 336 1755 385; x_wconf 85' lang='lat' dir='ltr'>est,</span> 
     </span>
     <span class='ocr_line' id='line_1_5' title="bbox 479 389 1755 442; baseline 0.001 -13"><span class='ocrx_word' id='word_1_35' title='bbox 479 391 604 442; x_wconf 81' lang='lat' dir='ltr'>quaiis</span> <span class='ocrx_word' id='word_1_36' title='bbox 621 389 692 429; x_wconf 86' lang='lat' dir='ltr'>fuit</span> <span class='ocrx_word' id='word_1_37' title='bbox 705 392 768 429; x_wconf 73' lang='lat' dir='ltr'>vel</span> <span class='ocrx_word' id='word_1_38' title='bbox 782 390 918 438; x_wconf 85' lang='lat' dir='ltr'>Solon,</span> <span class='ocrx_word' id='word_1_39' title='bbox 928 390 993 429; x_wconf 89' lang='lat' dir='ltr'>vel</span> <span class='ocrx_word' id='word_1_40' title='bbox 1006 390 1165 429; x_wconf 81' lang='lat' dir='ltr'>Pericles</span> <span class='ocrx_word' id='word_1_41' title='bbox 1176 389 1274 441; x_wconf 65' lang='grc' dir='ltr'>ἃς.)</span> <span class='ocrx_word' id='word_1_42' title='bbox 1289 390 1400 428; x_wconf 71' lang='lat' dir='ltr'>filius</span> <span class='ocrx_word' id='word_1_43' title='bbox 1410 405 1501 438; x_wconf 81' lang='lat' dir='ltr'>vero,</span> <span class='ocrx_word' id='word_1_44' title='bbox 1503 391 1650 441; x_wconf 81' lang='lat' dir='ltr'>simulac</span> <span class='ocrx_word' id='word_1_45' title='bbox 1661 391 1755 430; x_wconf 77' lang='lat' dir='ltr'>vide-</span> 
     </span>
     <span class='ocr_line' id='line_1_6' title="bbox 483 443 1757 497; baseline 0.002 -15"><span class='ocrx_word' id='word_1_46' title='bbox 483 445 534 483; x_wconf 78' lang='lat' dir='ltr'>ris</span> <span class='ocrx_word' id='word_1_47' title='bbox 547 460 635 491; x_wconf 82' lang='lat' dir='ltr'>cum,</span> <span class='ocrx_word' id='word_1_48' title='bbox 650 456 679 482; x_wconf 85' lang='lat' dir='ltr'>tc</span> <span class='ocrx_word' id='word_1_49' title='bbox 692 444 835 496; x_wconf 67' lang='lat' dir='ltr'>abripiet</span> <span class='ocrx_word' id='word_1_50' title='bbox 844 459 860 490; x_wconf 90' lang='lat'>,·</span> <span class='ocrx_word' id='word_1_51' title='bbox 874 446 956 482; x_wconf 84' lang='lat' dir='ltr'>adeo</span> <span class='ocrx_word' id='word_1_52' title='bbox 972 459 1116 497; x_wconf 76' lang='lat' dir='ltr'>magnus</span> <span class='ocrx_word' id='word_1_53' title='bbox 1129 446 1187 497; x_wconf 85' lang='lat' dir='ltr'>est,</span> <span class='ocrx_word' id='word_1_54' title='bbox 1202 444 1235 482; x_wconf 71' lang='grc' dir='ltr'>δ’</span> <span class='ocrx_word' id='word_1_55' title='bbox 1249 443 1402 495; x_wconf 79' lang='lat' dir='ltr'>nzafiula</span> <span class='ocrx_word' id='word_1_56' title='bbox 1417 444 1683 496; x_wconf 72' lang='lat' dir='ltr'>quadamfbrma</span> <span class='ocrx_word' id='word_1_57' title='bbox 1697 447 1757 484; x_wconf 84' lang='lat' dir='ltr'>de-</span> 
     </span>
     <span class='ocr_line' id='line_1_7' title="bbox 482 498 1756 550; baseline 0.001 -13"><span class='ocrx_word' id='word_1_58' title='bbox 482 513 602 537; x_wconf 87' lang='lat' dir='ltr'><em>corus:</em></span> <span class='ocrx_word' id='word_1_59' title='bbox 616 499 712 550; x_wconf 80' lang='lat' dir='ltr'>quifi</span> <span class='ocrx_word' id='word_1_60' title='bbox 721 500 951 537; x_wconf 68' lang='lat' dir='ltr'>tantummodo</span> <span class='ocrx_word' id='word_1_61' title='bbox 966 513 1079 537; x_wconf 77' lang='lat' dir='ltr'>vocem</span> <span class='ocrx_word' id='word_1_62' title='bbox 1089 500 1240 544; x_wconf 75' lang='lat' dir='ltr'><em>ediderit,</em></span> <span class='ocrx_word' id='word_1_63' title='bbox 1253 503 1348 537; x_wconf 73' lang='lat' dir='ltr'>duce:</span> <span class='ocrx_word' id='word_1_64' title='bbox 1364 510 1395 536; x_wconf 83' lang='lat' dir='ltr'>te</span> <span class='ocrx_word' id='word_1_65' title='bbox 1407 498 1549 536; x_wconf 74' lang='lat' dir='ltr'>auribus</span> <span class='ocrx_word' id='word_1_66' title='bbox 1564 499 1756 538; x_wconf 73' lang='lat' dir='ltr'>revinft‘um.</span> 
     </span>
     <span class='ocr_line' id='line_1_8' title="bbox 481 552 1759 606; baseline 0 -15"><span class='ocrx_word' id='word_1_67' title='bbox 481 553 616 604; x_wconf 80' lang='lat' dir='ltr'><strong>Atque</strong></span> <span class='ocrx_word' id='word_1_68' title='bbox 625 553 677 590; x_wconf 81' lang='lat' dir='ltr'>ita</span> <span class='ocrx_word' id='word_1_69' title='bbox 687 552 789 590; x_wconf 68' lang='lat' dir='ltr'>reete</span> <span class='ocrx_word' id='word_1_70' title='bbox 799 552 913 591; x_wconf 87' lang='lat' dir='ltr'>habet</span> <span class='ocrx_word' id='word_1_71' title='bbox 921 552 1036 591; x_wconf 88' lang='lat' dir='ltr'>editio</span> <span class='ocrx_word' id='word_1_72' title='bbox 1045 552 1283 592; x_wconf 79' lang='lat' dir='ltr'>Fiorentina.</span> <span class='ocrx_word' id='word_1_73' title='bbox 1296 552 1402 591; x_wconf 79' lang='lat' dir='ltr'>IENs.</span> <span class='ocrx_word' id='word_1_74' title='bbox 1419 552 1526 591; x_wconf 89' lang='lat' dir='ltr'>Male</span> <span class='ocrx_word' id='word_1_75' title='bbox 1534 552 1644 591; x_wconf 87' lang='lat' dir='ltr'><em>Salm.</em></span> <span class='ocrx_word' id='word_1_76' title='bbox 1661 565 1759 606; x_wconf 85' lang='lat' dir='ltr'>pun-</span> 
     </span>
     <span class='ocr_line' id='line_1_9' title="bbox 481 603 1757 656; baseline 0.002 -12"><span class='ocrx_word' id='word_1_77' title='bbox 481 605 588 645; x_wconf 68' lang='lat' dir='ltr'>&amp;um</span> <span class='ocrx_word' id='word_1_78' title='bbox 601 604 686 656; x_wconf 88' lang='lat' dir='ltr'>post</span> <span class='ocrx_word' id='word_1_79' title='bbox 703 603 772 645; x_wconf 62' lang='lat'>348„</span> <span class='ocrx_word' id='word_1_80' title='bbox 785 605 1060 645; x_wconf 82' lang='lat' dir='ltr'>collocaverat.</span> <span class='ocrx_word' id='word_1_81' title='bbox 1081 606 1125 644; x_wconf 82' lang='lat' dir='ltr'>In</span> <span class='ocrx_word' id='word_1_82' title='bbox 1140 606 1226 645; x_wconf 85' lang='lat' dir='ltr'>Par.</span> <span class='ocrx_word' id='word_1_83' title='bbox 1239 619 1392 646; x_wconf 87' lang='lat' dir='ltr'>comma</span> <span class='ocrx_word' id='word_1_84' title='bbox 1404 614 1501 652; x_wconf 87' lang='lat' dir='ltr'>erat,</span> <span class='ocrx_word' id='word_1_85' title='bbox 1513 606 1654 646; x_wconf 74' lang='lat' dir='ltr'>refflus</span> <span class='ocrx_word' id='word_1_86' title='bbox 1665 607 1757 646; x_wconf 84' lang='lat' dir='ltr'>nihil</span> 
     </span>
     <span class='ocr_line' id='line_1_10' title="bbox 480 658 1764 714; baseline 0.002 -17"><span class='ocrx_word' id='word_1_87' title='bbox 480 658 728 699; x_wconf 70' lang='lat' dir='ltr'>distinffionis</span> <span class='ocrx_word' id='word_1_88' title='bbox 737 659 850 699; x_wconf 85' lang='lat' dir='ltr'>habet</span> <span class='ocrx_word' id='word_1_89' title='bbox 859 660 887 699; x_wconf 92' lang='lat' dir='ltr'>F</span> <span class='ocrx_word' id='word_1_90' title='bbox 890 661 913 699; x_wconf 87' lang='lat'>1.</span> <span class='ocrx_word' id='word_1_91' title='bbox 927 661 969 700; x_wconf 67' lang='grc' dir='ltr'>ὅ(</span> <span class='ocrx_word' id='word_1_92' title='bbox 979 660 1214 712; x_wconf 85' lang='lat' dir='ltr'>Ohsopoeus</span> <span class='ocrx_word' id='word_1_93' title='bbox 1222 673 1381 714; x_wconf 86' lang='lat' dir='ltr'>quoque</span> <span class='ocrx_word' id='word_1_94' title='bbox 1391 660 1581 699; x_wconf 87' lang='lat' dir='ltr'>continuo</span> <span class='ocrx_word' id='word_1_95' title='bbox 1591 659 1660 700; x_wconf 86' lang='lat' dir='ltr'>filo</span> <span class='ocrx_word' id='word_1_96' title='bbox 1675 673 1764 713; x_wconf 8' lang='lat' dir='ltr'>ver-K</span> 
     </span>
     <span class='ocr_line' id='line_1_11' title="bbox 480 714 1753 767; baseline 0.002 -15"><span class='ocrx_word' id='word_1_97' title='bbox 480 715 776 766; x_wconf 73' lang='lat' dir='ltr'>terat,c1iurthue,</span> <span class='ocrx_word' id='word_1_98' title='bbox 785 715 967 753; x_wconf 82' lang='lat' dir='ltr'>nonnullos</span> <span class='ocrx_word' id='word_1_99' title='bbox 970 714 1063 765; x_wconf 70' lang='lat' dir='ltr'>ftbre</span> <span class='ocrx_word' id='word_1_100' title='bbox 1072 715 1262 753; x_wconf 72' lang='lat' dir='ltr'><em>laborantes</em></span> <span class='ocrx_word' id='word_1_101' title='bbox 1271 716 1338 753; x_wconf 74' lang='lat' dir='ltr'>iam</span> <span class='ocrx_word' id='word_1_102' title='bbox 1349 715 1392 753; x_wconf 80' lang='lat' dir='ltr'>ab</span> <span class='ocrx_word' id='word_1_103' title='bbox 1401 714 1462 752; x_wconf 85' lang='lat' dir='ltr'>illo</span> <span class='ocrx_word' id='word_1_104' title='bbox 1467 714 1666 765; x_wconf 76' lang='lat' dir='ltr'>sublevatos</span> <span class='ocrx_word' id='word_1_105' title='bbox 1679 714 1753 767; x_wconf 74' lang='lat' dir='ltr'>effi.</span> 
     </span>
     <span class='ocr_line' id='line_1_12' title="bbox 482 766 1756 822; baseline 0 -15"><span class='ocrx_word' id='word_1_106' title='bbox 482 766 611 820; x_wconf 86' lang='lat' dir='ltr'>Quod</span> <span class='ocrx_word' id='word_1_107' title='bbox 631 780 722 807; x_wconf 91' lang='lat' dir='ltr'>cum</span> <span class='ocrx_word' id='word_1_108' title='bbox 738 768 841 807; x_wconf 63' lang='lat' dir='ltr'>reete</span> <span class='ocrx_word' id='word_1_109' title='bbox 855 767 892 807; x_wconf 88' lang='lat' dir='ltr'>se</span> <span class='ocrx_word' id='word_1_110' title='bbox 907 768 1069 813; x_wconf 85' lang='lat' dir='ltr'>habeat,</span> <span class='ocrx_word' id='word_1_111' title='bbox 1095 767 1258 808; x_wconf 86' lang='lat' dir='ltr'>lenfium</span> <span class='ocrx_word' id='word_1_112' title='bbox 1282 769 1436 822; x_wconf 83' lang='lat' dir='ltr'>quidem</span> <span class='ocrx_word' id='word_1_113' title='bbox 1452 768 1603 808; x_wconf 88' lang='lat' dir='ltr'>secutus</span> <span class='ocrx_word' id='word_1_114' title='bbox 1623 768 1703 808; x_wconf 88' lang='lat' dir='ltr'>sum</span> <span class='ocrx_word' id='word_1_115' title='bbox 1718 769 1756 807; x_wconf 85' lang='lat' dir='ltr'>in</span> 
     </span>
     <span class='ocr_line' id='line_1_13' title="bbox 481 821 1754 876; baseline 0.003 -16"><span class='ocrx_word' id='word_1_116' title='bbox 481 821 652 862; x_wconf 87' lang='lat' dir='ltr'>tollenda</span> <span class='ocrx_word' id='word_1_117' title='bbox 675 821 759 875; x_wconf 87' lang='lat' dir='ltr'>post</span> <span class='ocrx_word' id='word_1_118' title='bbox 774 824 882 862; x_wconf 70' lang='grc' dir='ltr'>τινὰς</span> <span class='ocrx_word' id='word_1_119' title='bbox 896 821 1157 871; x_wconf 65' lang='grc' dir='ltr'>ἀίίὶὶηᾶὶίοηε5</span> <span class='ocrx_word' id='word_1_120' title='bbox 1184 835 1254 863; x_wconf 88' lang='lat' dir='ltr'>nec</span> <span class='ocrx_word' id='word_1_121' title='bbox 1275 834 1403 862; x_wconf 76' lang='lat' dir='ltr'>tamen</span> <span class='ocrx_word' id='word_1_122' title='bbox 1418 834 1564 862; x_wconf 85' lang='lat' dir='ltr'>novam</span> <span class='ocrx_word' id='word_1_123' title='bbox 1579 822 1664 876; x_wconf 84' lang='lat' dir='ltr'>post</span> <span class='ocrx_word' id='word_1_124' title='bbox 1682 821 1754 865; x_wconf 62' lang='grc' dir='ltr'>ἥὲη</span> 
     </span>
     <span class='ocr_line' id='line_1_14' title="bbox 482 875 1189 930; baseline 0 -15"><span class='ocrx_word' id='word_1_125' title='bbox 482 876 621 922; x_wconf 74' lang='lat' dir='ltr'>addidi,</span> <span class='ocrx_word' id='word_1_126' title='bbox 636 878 727 930; x_wconf 87' lang='lat' dir='ltr'>quia</span> <span class='ocrx_word' id='word_1_127' title='bbox 742 889 823 916; x_wconf 90' lang='lat' dir='ltr'>non</span> <span class='ocrx_word' id='word_1_128' title='bbox 838 889 937 929; x_wconf 86' lang='lat' dir='ltr'>opus</span> <span class='ocrx_word' id='word_1_129' title='bbox 951 875 1016 916; x_wconf 85' lang='lat' dir='ltr'>est.</span> <span class='ocrx_word' id='word_1_130' title='bbox 1041 876 1189 916; x_wconf 64' lang='lat' dir='ltr'>Rffl‘rz.</span> 
     </span>
    </p>

    <p class='ocr_par' dir='ltr' id='par_1_3' title="bbox 479 926 1758 1350">
     <span class='ocr_line' id='line_1_15' title="bbox 539 926 1757 984; baseline 0.002 -16"><span class='ocrx_word' id='word_1_131' title='bbox 539 931 630 984; x_wconf 83' lang='lat' dir='ltr'><em>Pag.</em></span> <span class='ocrx_word' id='word_1_132' title='bbox 647 930 732 979; x_wconf 85' lang='lat'>148.</span> <span class='ocrx_word' id='word_1_133' title='bbox 747 931 770 969; x_wconf 91' lang='lat' dir='ltr'>l.</span> <span class='ocrx_word' id='word_1_134' title='bbox 789 945 822 984; x_wconf 82' lang='lat'>3.</span> <span class='ocrx_word' id='word_1_135' title='bbox 841 930 968 983; x_wconf 68' lang='grc' dir='ltr'>Παρὰ)</span> <span class='ocrx_word' id='word_1_136' title='bbox 990 930 1046 969; x_wconf 84' lang='lat' dir='ltr'>Ex</span> <span class='ocrx_word' id='word_1_137' title='bbox 1061 929 1146 970; x_wconf 90' lang='lat' dir='ltr'>solo</span> <span class='ocrx_word' id='word_1_138' title='bbox 1159 930 1257 971; x_wconf 89' lang='lat' dir='ltr'>Cod.</span> <span class='ocrx_word' id='word_1_139' title='bbox 1271 931 1312 969; x_wconf 94' lang='lat' dir='ltr'>L.</span> <span class='ocrx_word' id='word_1_140' title='bbox 1327 929 1494 970; x_wconf 84' lang='lat' dir='ltr'>Solanu‘s</span> <span class='ocrx_word' id='word_1_141' title='bbox 1506 926 1580 969; x_wconf 67' lang='grc' dir='ltr'>ὑπὸ</span> <span class='ocrx_word' id='word_1_142' title='bbox 1593 930 1667 984; x_wconf 85' lang='lat' dir='ltr'>legi</span> <span class='ocrx_word' id='word_1_143' title='bbox 1680 943 1757 971; x_wconf 87' lang='lat' dir='ltr'>vo·</span> 
     </span>
     <span class='ocr_line' id='line_1_16' title="bbox 479 983 1757 1038; baseline 0.001 -15"><span class='ocrx_word' id='word_1_144' title='bbox 479 983 566 1028; x_wconf 74' lang='lat' dir='ltr'>luit,</span> <span class='ocrx_word' id='word_1_145' title='bbox 579 997 621 1023; x_wconf 89' lang='lat' dir='ltr'>ut</span> <span class='ocrx_word' id='word_1_146' title='bbox 636 985 672 1023; x_wconf 84' lang='lat' dir='ltr'>in</span> <span class='ocrx_word' id='word_1_147' title='bbox 692 997 811 1037; x_wconf 84' lang='lat' dir='ltr'>marg.</span> <span class='ocrx_word' id='word_1_148' title='bbox 827 986 920 1023; x_wconf 75' lang='lat' dir='ltr'><em>lunt.</em></span> <span class='ocrx_word' id='word_1_149' title='bbox 934 985 1070 1024; x_wconf 83' lang='lat' dir='ltr'>innuit.</span> <span class='ocrx_word' id='word_1_150' title='bbox 1084 985 1156 1024; x_wconf 88' lang='lat' dir='ltr'>Sed</span> <span class='ocrx_word' id='word_1_151' title='bbox 1169 985 1206 1024; x_wconf 91' lang='lat' dir='ltr'>id</span> <span class='ocrx_word' id='word_1_152' title='bbox 1219 997 1299 1024; x_wconf 88' lang='lat' dir='ltr'>non</span> <span class='ocrx_word' id='word_1_153' title='bbox 1311 985 1407 1024; x_wconf 84' lang='lat' dir='ltr'>adeo</span> <span class='ocrx_word' id='word_1_154' title='bbox 1422 984 1671 1024; x_wconf 79' lang='lat' dir='ltr'>necessarium</span> <span class='ocrx_word' id='word_1_155' title='bbox 1685 999 1757 1038; x_wconf 88' lang='lat' dir='ltr'>pu-</span> 
     </span>
     <span class='ocr_line' id='line_1_17' title="bbox 481 1034 1756 1092; baseline 0.002 -15"><span class='ocrx_word' id='word_1_156' title='bbox 481 1039 639 1091; x_wconf 85' lang='lat' dir='ltr'>to‚quin</span> <span class='ocrx_word' id='word_1_157' title='bbox 653 1038 850 1090; x_wconf 60' lang='lat' dir='ltr'>oroep&amp;‚ets1</span> <span class='ocrx_word' id='word_1_158' title='bbox 865 1039 951 1078; x_wconf 83' lang='lat' dir='ltr'>alibi</span> <span class='ocrx_word' id='word_1_159' title='bbox 968 1052 1045 1079; x_wconf 92' lang='lat' dir='ltr'>non</span> <span class='ocrx_word' id='word_1_160' title='bbox 1060 1039 1158 1078; x_wconf 86' lang='lat' dir='ltr'>idem</span> <span class='ocrx_word' id='word_1_161' title='bbox 1172 1038 1231 1085; x_wconf 85' lang='lat' dir='ltr'>fit,</span> <span class='ocrx_word' id='word_1_162' title='bbox 1245 1034 1453 1092; x_wconf 63' lang='lat' dir='ltr'>quodz‘mr‘o,</span> <span class='ocrx_word' id='word_1_163' title='bbox 1463 1039 1526 1079; x_wconf 87' lang='lat' dir='ltr'>hic</span> <span class='ocrx_word' id='word_1_164' title='bbox 1538 1051 1665 1079; x_wconf 85' lang='lat' dir='ltr'>tamen</span> <span class='ocrx_word' id='word_1_165' title='bbox 1675 1052 1756 1079; x_wconf 86' lang='lat' dir='ltr'>non</span> 
     </span>
     <span class='ocr_line' id='line_1_18' title="bbox 479 1092 1756 1146; baseline 0.002 -15"><span class='ocrx_word' id='word_1_166' title='bbox 479 1092 528 1131; x_wconf 79' lang='lat' dir='ltr'>fit</span> <span class='ocrx_word' id='word_1_167' title='bbox 542 1093 730 1146; x_wconf 86' lang='lat' dir='ltr'>ineptum.</span> <span class='ocrx_word' id='word_1_168' title='bbox 743 1095 854 1144; x_wconf 66' lang='grc' dir='ltr'>Παρὰ</span> <span class='ocrx_word' id='word_1_169' title='bbox 865 1097 961 1132; x_wconf 61' lang='grc' dir='ltr'>τινος</span> <span class='ocrx_word' id='word_1_170' title='bbox 974 1094 1074 1132; x_wconf 85' lang='lat' dir='ltr'>enim</span> <span class='ocrx_word' id='word_1_171' title='bbox 1088 1092 1198 1146; x_wconf 81' lang='lat' dir='ltr'>saepe</span> <span class='ocrx_word' id='word_1_172' title='bbox 1209 1092 1424 1146; x_wconf 75' lang='lat' dir='ltr'>significare</span> <span class='ocrx_word' id='word_1_173' title='bbox 1438 1109 1462 1132; x_wconf 88' lang='lat' dir='ltr'><em>a</em></span> <span class='ocrx_word' id='word_1_174' title='bbox 1473 1106 1572 1145; x_wconf 76' lang='lat' dir='ltr'>parte</span> <span class='ocrx_word' id='word_1_175' title='bbox 1586 1094 1695 1141; x_wconf 81' lang='lat' dir='ltr'>illius,</span> <span class='ocrx_word' id='word_1_176' title='bbox 1709 1093 1756 1133; x_wconf 83' lang='lat' dir='ltr'>fi-</span> 
     </span>
     <span class='ocr_line' id='line_1_19' title="bbox 481 1146 1758 1201; baseline 0.002 -16"><span class='ocrx_word' id='word_1_177' title='bbox 481 1160 534 1185; x_wconf 83' lang='lat' dir='ltr'>ve</span> <span class='ocrx_word' id='word_1_178' title='bbox 551 1148 656 1200; x_wconf 86' lang='lat' dir='ltr'>quod</span> <span class='ocrx_word' id='word_1_179' title='bbox 676 1146 929 1199; x_wconf 84' lang='lat' dir='ltr'>proficiscitur</span> <span class='ocrx_word' id='word_1_180' title='bbox 943 1147 990 1186; x_wconf 86' lang='lat' dir='ltr'>ab</span> <span class='ocrx_word' id='word_1_181' title='bbox 1006 1148 1138 1201; x_wconf 79' lang='lat' dir='ltr'>aliquo</span> <span class='ocrx_word' id='word_1_182' title='bbox 1150 1178 1161 1193; x_wconf 88' lang='lat'>‚</span> <span class='ocrx_word' id='word_1_183' title='bbox 1176 1160 1259 1187; x_wconf 89' lang='lat' dir='ltr'>non</span> <span class='ocrx_word' id='word_1_184' title='bbox 1273 1146 1395 1187; x_wconf 89' lang='lat' dir='ltr'>solum</span> <span class='ocrx_word' id='word_1_185' title='bbox 1417 1146 1532 1186; x_wconf 84' lang='lat' dir='ltr'>Periz.</span> <span class='ocrx_word' id='word_1_186' title='bbox 1546 1148 1593 1186; x_wconf 88' lang='lat' dir='ltr'>ad</span> <span class='ocrx_word' id='word_1_187' title='bbox 1607 1148 1758 1188; x_wconf 84' lang='lat' dir='ltr'>Aelian.</span> 
     </span>
     <span class='ocr_line' id='line_1_20' title="bbox 480 1200 1755 1254; baseline 0.001 -15"><span class='ocrx_word' id='word_1_188' title='bbox 480 1201 622 1254; x_wconf 82' lang='lat' dir='ltr'>aliique</span> <span class='ocrx_word' id='word_1_189' title='bbox 639 1200 909 1249; x_wconf 85' lang='lat' dir='ltr'>ostenderunt;</span> <span class='ocrx_word' id='word_1_190' title='bbox 930 1215 1068 1241; x_wconf 88' lang='lat' dir='ltr'>verum</span> <span class='ocrx_word' id='word_1_191' title='bbox 1083 1202 1124 1241; x_wconf 72' lang='grc' dir='ltr'>δε</span> <span class='ocrx_word' id='word_1_192' title='bbox 1147 1201 1302 1254; x_wconf 83' lang='lat' dir='ltr'>paffivis</span> <span class='ocrx_word' id='word_1_193' title='bbox 1316 1201 1549 1254; x_wconf 83' lang='lat' dir='ltr'>adiungitur,</span> <span class='ocrx_word' id='word_1_194' title='bbox 1565 1212 1610 1240; x_wconf 89' lang='lat' dir='ltr'>ut</span> <span class='ocrx_word' id='word_1_195' title='bbox 1628 1202 1666 1240; x_wconf 88' lang='lat' dir='ltr'>in</span> <span class='ocrx_word' id='word_1_196' title='bbox 1685 1202 1755 1241; x_wconf 83' lang='lat' dir='ltr'>Ev.</span> 
     </span>
     <span class='ocr_line' id='line_1_21' title="bbox 481 1253 1756 1309; baseline 0.001 -15"><span class='ocrx_word' id='word_1_197' title='bbox 481 1255 614 1296; x_wconf 85' lang='lat' dir='ltr'><strong>Lucae</strong></span> <span class='ocrx_word' id='word_1_198' title='bbox 627 1254 657 1303; x_wconf 88' lang='grc' dir='ltr'>Ι,</span> <span class='ocrx_word' id='word_1_199' title='bbox 672 1269 739 1307; x_wconf 87' lang='lat'>45,</span> <span class='ocrx_word' id='word_1_200' title='bbox 753 1254 831 1294; x_wconf 77' lang='grc' dir='ltr'>τοῖς</span> <span class='ocrx_word' id='word_1_201' title='bbox 841 1256 1113 1308; x_wconf 66' lang='grc' dir='ltr'>λελαλημένοις</span> <span class='ocrx_word' id='word_1_202' title='bbox 1125 1258 1235 1309; x_wconf 64' lang='grc' dir='ltr'>παρὰ</span> <span class='ocrx_word' id='word_1_203' title='bbox 1248 1256 1384 1309; x_wconf 77' lang='grc' dir='ltr'>κυρίου,</span> <span class='ocrx_word' id='word_1_204' title='bbox 1401 1256 1466 1295; x_wconf 88' lang='lat' dir='ltr'>ubi</span> <span class='ocrx_word' id='word_1_205' title='bbox 1483 1256 1525 1296; x_wconf 73' lang='grc' dir='ltr'>δι</span> <span class='ocrx_word' id='word_1_206' title='bbox 1537 1253 1609 1296; x_wconf 70' lang='grc' dir='ltr'>ὑπὸ</span> <span class='ocrx_word' id='word_1_207' title='bbox 1621 1255 1756 1296; x_wconf 90' lang='lat' dir='ltr'>locum</span> 
     </span>
     <span class='ocr_line' id='line_1_22' title="bbox 481 1309 858 1350; baseline 0.005 -2"><span class='ocrx_word' id='word_1_208' title='bbox 481 1309 683 1349; x_wconf 80' lang='lat' dir='ltr'><strong>habuisset.</strong></span> <span class='ocrx_word' id='word_1_209' title='bbox 709 1310 858 1350; x_wconf 72' lang='lat' dir='ltr'>RmTz.</span> 
     </span>
    </p>

    <p class='ocr_par' dir='ltr' id='par_1_4' title="bbox 481 1361 1767 1730">
     <span class='ocr_line' id='line_1_23' title="bbox 538 1361 1767 1418; baseline 0.001 -15"><span class='ocrx_word' id='word_1_210' title='bbox 538 1367 611 1403; x_wconf 80' lang='lat' dir='ltr'>ead.</span> <span class='ocrx_word' id='word_1_211' title='bbox 626 1365 648 1404; x_wconf 89' lang='lat' dir='ltr'>l.</span> <span class='ocrx_word' id='word_1_212' title='bbox 661 1365 696 1404; x_wconf 89' lang='lat'>6.</span> <span class='ocrx_word' id='word_1_213' title='bbox 717 1364 798 1404; x_wconf 71' lang='grc' dir='ltr'>Ἐπὶ</span> <span class='ocrx_word' id='word_1_214' title='bbox 812 1363 920 1404; x_wconf 59' lang='lat' dir='ltr'>misae</span> <span class='ocrx_word' id='word_1_215' title='bbox 932 1361 1032 1404; x_wconf 70' lang='grc' dir='ltr'><em>εὗθὺς</em></span> <span class='ocrx_word' id='word_1_216' title='bbox 1044 1365 1162 1404; x_wconf 73' lang='grc' dir='ltr'>ὀπίσω</span> <span class='ocrx_word' id='word_1_217' title='bbox 1174 1363 1327 1418; x_wconf 73' lang='grc' dir='ltr'>χωρεῖν)</span> <span class='ocrx_word' id='word_1_218' title='bbox 1354 1363 1501 1404; x_wconf 75' lang='lat' dir='ltr'>Gallice</span> <span class='ocrx_word' id='word_1_219' title='bbox 1517 1362 1689 1404; x_wconf 77' lang='lat' dir='ltr'>fimiliter</span> <span class='ocrx_word' id='word_1_220' title='bbox 1706 1364 1767 1410; x_wconf 49' lang='lat' dir='ltr'>dig</span> 
     </span>
     <span class='ocr_line' id='line_1_24' title="bbox 483 1417 1760 1472; baseline -0.001 -14"><span class='ocrx_word' id='word_1_221' title='bbox 483 1418 623 1466; x_wconf 76' lang='lat' dir='ltr'>cimus,</span> <span class='ocrx_word' id='word_1_222' title='bbox 638 1419 941 1471; x_wconf 76' lang='lat' dir='ltr'>retournersurses</span> <span class='ocrx_word' id='word_1_223' title='bbox 952 1435 1031 1472; x_wconf 75' lang='lat' dir='ltr'>pas.</span> <span class='ocrx_word' id='word_1_224' title='bbox 1049 1420 1176 1458; x_wconf 84' lang='lat' dir='ltr'>MENA</span> <span class='ocrx_word' id='word_1_225' title='bbox 1185 1429 1231 1458; x_wconf 87' lang='lat' dir='ltr'>G.</span> <span class='ocrx_word' id='word_1_226' title='bbox 1256 1419 1423 1458; x_wconf 81' lang='lat' dir='ltr'>Eandem</span> <span class='ocrx_word' id='word_1_227' title='bbox 1441 1417 1630 1458; x_wconf 83' lang='lat' dir='ltr'>Gallicam</span> <span class='ocrx_word' id='word_1_228' title='bbox 1646 1418 1760 1471; x_wconf 84' lang='lat' dir='ltr'>phra-</span> 
     </span>
     <span class='ocr_line' id='line_1_25' title="bbox 483 1471 1760 1526; baseline 0.001 -14"><span class='ocrx_word' id='word_1_229' title='bbox 483 1472 540 1512; x_wconf 87' lang='lat' dir='ltr'>sm</span> <span class='ocrx_word' id='word_1_230' title='bbox 553 1486 712 1526; x_wconf 88' lang='lat' dir='ltr'>quoque</span> <span class='ocrx_word' id='word_1_231' title='bbox 727 1473 774 1512; x_wconf 84' lang='lat' dir='ltr'>ad</span> <span class='ocrx_word' id='word_1_232' title='bbox 787 1473 890 1513; x_wconf 85' lang='lat' dir='ltr'>hunc</span> <span class='ocrx_word' id='word_1_233' title='bbox 905 1474 1033 1513; x_wconf 85' lang='lat' dir='ltr'>locum</span> <span class='ocrx_word' id='word_1_234' title='bbox 1049 1475 1089 1512; x_wconf 86' lang='lat' dir='ltr'>in</span> <span class='ocrx_word' id='word_1_235' title='bbox 1105 1473 1146 1512; x_wconf 91' lang='lat' dir='ltr'>F.</span> <span class='ocrx_word' id='word_1_236' title='bbox 1159 1473 1311 1524; x_wconf 89' lang='lat' dir='ltr'>Guyet.</span> <span class='ocrx_word' id='word_1_237' title='bbox 1326 1474 1428 1512; x_wconf 87' lang='lat' dir='ltr'>notis</span> <span class='ocrx_word' id='word_1_238' title='bbox 1442 1473 1607 1526; x_wconf 84' lang='lat' dir='ltr'>reperio.</span> <span class='ocrx_word' id='word_1_239' title='bbox 1624 1472 1671 1512; x_wconf 88' lang='lat' dir='ltr'>Et</span> <span class='ocrx_word' id='word_1_240' title='bbox 1683 1471 1760 1513; x_wconf 88' lang='lat' dir='ltr'>sae-</span> 
     </span>
     <span class='ocr_line' id='line_1_26' title="bbox 482 1527 1759 1580; baseline 0 -14"><span class='ocrx_word' id='word_1_241' title='bbox 482 1541 533 1580; x_wconf 86' lang='lat' dir='ltr'>pe</span> <span class='ocrx_word' id='word_1_242' title='bbox 546 1527 635 1566; x_wconf 87' lang='lat' dir='ltr'>alibi</span> <span class='ocrx_word' id='word_1_243' title='bbox 652 1528 691 1565; x_wconf 89' lang='lat' dir='ltr'>hi</span> <span class='ocrx_word' id='word_1_244' title='bbox 704 1528 782 1567; x_wconf 86' lang='lat' dir='ltr'>duo</span> <span class='ocrx_word' id='word_1_245' title='bbox 795 1539 930 1567; x_wconf 83' lang='lat' dir='ltr'>notant</span> <span class='ocrx_word' id='word_1_246' title='bbox 942 1529 1085 1567; x_wconf 75' lang='lat' dir='ltr'>eadem.</span> <span class='ocrx_word' id='word_1_247' title='bbox 1107 1528 1172 1566; x_wconf 88' lang='lat' dir='ltr'>An</span> <span class='ocrx_word' id='word_1_248' title='bbox 1184 1528 1301 1580; x_wconf 81' lang='lat' dir='ltr'>igitur</span> <span class='ocrx_word' id='word_1_249' title='bbox 1316 1527 1519 1579; x_wconf 72' lang='lat' dir='ltr'>Menagius</span> <span class='ocrx_word' id='word_1_250' title='bbox 1531 1527 1635 1566; x_wconf 86' lang='lat' dir='ltr'>hunc</span> <span class='ocrx_word' id='word_1_251' title='bbox 1648 1539 1759 1567; x_wconf 91' lang='lat' dir='ltr'>com-</span> 
     </span>
     <span class='ocr_line' id='line_1_27' title="bbox 481 1580 1759 1634; baseline 0.001 -14"><span class='ocrx_word' id='word_1_252' title='bbox 481 1581 642 1634; x_wconf 81' lang='lat' dir='ltr'>pilavit?</span> <span class='ocrx_word' id='word_1_253' title='bbox 665 1582 755 1622; x_wconf 88' lang='lat' dir='ltr'>Hoc</span> <span class='ocrx_word' id='word_1_254' title='bbox 766 1582 857 1622; x_wconf 91' lang='lat' dir='ltr'>loco</span> <span class='ocrx_word' id='word_1_255' title='bbox 871 1594 951 1621; x_wconf 90' lang='lat' dir='ltr'>non</span> <span class='ocrx_word' id='word_1_256' title='bbox 966 1582 1150 1621; x_wconf 83' lang='lat' dir='ltr'>arbitror:</span> <span class='ocrx_word' id='word_1_257' title='bbox 1175 1593 1264 1620; x_wconf 86' lang='lat' dir='ltr'>nam</span> <span class='ocrx_word' id='word_1_258' title='bbox 1286 1580 1395 1621; x_wconf 76' lang='lat' dir='ltr'>facile</span> <span class='ocrx_word' id='word_1_259' title='bbox 1409 1580 1595 1621; x_wconf 84' lang='lat' dir='ltr'>eiusmodi</span> <span class='ocrx_word' id='word_1_260' title='bbox 1612 1581 1759 1634; x_wconf 85' lang='lat' dir='ltr'>cogita-</span> 
     </span>
     <span class='ocr_line' id='line_1_28' title="bbox 482 1634 1760 1690; baseline 0 -15"><span class='ocrx_word' id='word_1_261' title='bbox 482 1636 542 1675; x_wconf 82' lang='lat' dir='ltr'>tio</span> <span class='ocrx_word' id='word_1_262' title='bbox 556 1647 768 1689; x_wconf 87' lang='lat' dir='ltr'>utrumque</span> <span class='ocrx_word' id='word_1_263' title='bbox 784 1637 912 1690; x_wconf 84' lang='lat' dir='ltr'>potuit</span> <span class='ocrx_word' id='word_1_264' title='bbox 925 1635 1063 1676; x_wconf 88' lang='lat' dir='ltr'>subire.</span> <span class='ocrx_word' id='word_1_265' title='bbox 1079 1636 1276 1675; x_wconf 85' lang='lat' dir='ltr'>Interdum</span> <span class='ocrx_word' id='word_1_266' title='bbox 1292 1647 1421 1676; x_wconf 89' lang='lat' dir='ltr'>tamen</span> <span class='ocrx_word' id='word_1_267' title='bbox 1434 1648 1514 1676; x_wconf 89' lang='lat' dir='ltr'>non</span> <span class='ocrx_word' id='word_1_268' title='bbox 1528 1634 1630 1675; x_wconf 85' lang='lat' dir='ltr'>abest</span> <span class='ocrx_word' id='word_1_269' title='bbox 1643 1634 1760 1690; x_wconf 87' lang='lat' dir='ltr'>suspi-</span> 
     </span>
     <span class='ocr_line' id='line_1_29' title="bbox 481 1690 738 1730; baseline -0.008 0"><span class='ocrx_word' id='word_1_270' title='bbox 481 1690 561 1730; x_wconf 79' lang='lat' dir='ltr'>cio.</span> <span class='ocrx_word' id='word_1_271' title='bbox 590 1690 738 1730; x_wconf 77' lang='lat' dir='ltr'>Rmz.</span> 
     </span>
    </p>

    <p class='ocr_par' dir='ltr' id='par_1_5' title="bbox 537 1742 1710 1797">
     <span class='ocr_line' id='line_1_30' title="bbox 537 1742 1710 1797; baseline -0.001 -14"><span class='ocrx_word' id='word_1_272' title='bbox 537 1747 611 1783; x_wconf 71' lang='lat' dir='ltr'>ead.</span> <span class='ocrx_word' id='word_1_273' title='bbox 625 1745 646 1783; x_wconf 92' lang='lat' dir='ltr'>l.</span> <span class='ocrx_word' id='word_1_274' title='bbox 669 1759 730 1783; x_wconf 90' lang='lat'>10.</span> <span class='ocrx_word' id='word_1_275' title='bbox 745 1743 983 1797; x_wconf 72' lang='grc' dir='ltr'>Κεραμεικῷ)</span> <span class='ocrx_word' id='word_1_276' title='bbox 1004 1743 1120 1784; x_wconf 84' lang='lat' dir='ltr'>Conf.</span> <span class='ocrx_word' id='word_1_277' title='bbox 1141 1742 1252 1796; x_wconf 87' lang='lat' dir='ltr'>supra</span> <span class='ocrx_word' id='word_1_278' title='bbox 1271 1743 1394 1788; x_wconf 73' lang='grc' dir='ltr'>Ἀναβ.</span> <span class='ocrx_word' id='word_1_279' title='bbox 1417 1756 1449 1783; x_wconf 91' lang='lat' dir='ltr'>c.</span> <span class='ocrx_word' id='word_1_280' title='bbox 1471 1758 1531 1796; x_wconf 85' lang='lat'>13·</span> <span class='ocrx_word' id='word_1_281' title='bbox 1549 1742 1710 1783; x_wconf 82' lang='lat' dir='ltr'><strong>SOLAN.</strong></span> 
     </span>
    </p>

    <p class='ocr_par' dir='ltr' id='par_1_6' title="bbox 477 1796 1762 2166">
     <span class='ocr_line' id='line_1_31' title="bbox 538 1796 1759 1851; baseline 0.002 -15"><span class='ocrx_word' id='word_1_282' title='bbox 538 1802 613 1837; x_wconf 71' lang='lat' dir='ltr'>ead.</span> <span class='ocrx_word' id='word_1_283' title='bbox 634 1800 657 1839; x_wconf 92' lang='lat' dir='ltr'>l.</span> <span class='ocrx_word' id='word_1_284' title='bbox 674 1812 731 1851; x_wconf 85' lang='lat'>13.</span> <span class='ocrx_word' id='word_1_285' title='bbox 751 1798 820 1837; x_wconf 66' lang='lat' dir='ltr'>Tot)</span> <span class='ocrx_word' id='word_1_286' title='bbox 834 1798 1119 1851; x_wconf 57' lang='grc' dir='ltr'>δοκιμωτάτου)</span> <span class='ocrx_word' id='word_1_287' title='bbox 1143 1798 1258 1851; x_wconf 84' lang='lat' dir='ltr'>Angl.</span> <span class='ocrx_word' id='word_1_288' title='bbox 1271 1797 1370 1838; x_wconf 90' lang='lat' dir='ltr'>Cod.</span> <span class='ocrx_word' id='word_1_289' title='bbox 1387 1797 1459 1838; x_wconf 75' lang='grc' dir='ltr'>τῶν</span> <span class='ocrx_word' id='word_1_290' title='bbox 1473 1796 1759 1848; x_wconf 42' lang='lat' dir='ltr'>‘tantumdemst</span> 
     </span>
     <span class='ocr_line' id='line_1_32' title="bbox 482 1851 1757 1905; baseline -0.002 -12"><span class='ocrx_word' id='word_1_291' title='bbox 482 1853 658 1893; x_wconf 83' lang='lat' dir='ltr'><strong>BOURD.</strong></span> <span class='ocrx_word' id='word_1_292' title='bbox 680 1853 774 1893; x_wconf 89' lang='lat' dir='ltr'>Non</span> <span class='ocrx_word' id='word_1_293' title='bbox 800 1865 946 1892; x_wconf 83' lang='lat' dir='ltr'>moveo</span> <span class='ocrx_word' id='word_1_294' title='bbox 968 1852 1165 1905; x_wconf 83' lang='lat' dir='ltr'>vulgatam</span> <span class='ocrx_word' id='word_1_295' title='bbox 1181 1867 1189 1890; x_wconf 88' lang='lat'><strong>:</strong></span> <span class='ocrx_word' id='word_1_296' title='bbox 1221 1853 1368 1892; x_wconf 85' lang='lat' dir='ltr'>interim</span> <span class='ocrx_word' id='word_1_297' title='bbox 1394 1852 1511 1892; x_wconf 90' lang='lat' dir='ltr'>credo</span> <span class='ocrx_word' id='word_1_298' title='bbox 1521 1881 1533 1900; x_wconf 82' lang='lat'><strong>‚</strong></span> <span class='ocrx_word' id='word_1_299' title='bbox 1550 1851 1757 1892; x_wconf 56' lang='lat' dir='ltr'>helionem</span> 
     </span>
     <span class='ocr_line' id='line_1_33' title="bbox 482 1906 1758 1961; baseline -0.002 -14"><span class='ocrx_word' id='word_1_300' title='bbox 482 1907 610 1947; x_wconf 90' lang='lat' dir='ltr'>Codd.</span> <span class='ocrx_word' id='word_1_301' title='bbox 632 1920 837 1947; x_wconf 88' lang='lat' dir='ltr'>numerum</span> <span class='ocrx_word' id='word_1_302' title='bbox 853 1907 987 1961; x_wconf 84' lang='lat' dir='ltr'>plural.</span> <span class='ocrx_word' id='word_1_303' title='bbox 1003 1908 1299 1960; x_wconf 84' lang='lat' dir='ltr'>exprimentium</span> <span class='ocrx_word' id='word_1_304' title='bbox 1317 1906 1390 1946; x_wconf 83' lang='lat' dir='ltr'>effe</span> <span class='ocrx_word' id='word_1_305' title='bbox 1405 1907 1621 1960; x_wconf 87' lang='lat' dir='ltr'>potiorem:</span> <span class='ocrx_word' id='word_1_306' title='bbox 1637 1919 1758 1960; x_wconf 86' lang='lat' dir='ltr'>quam</span> 
     </span>
     <span class='ocr_line' id='line_1_34' title="bbox 483 1959 1758 2015; baseline -0.002 -15"><span class='ocrx_word' id='word_1_307' title='bbox 483 1961 515 2000; x_wconf 75' lang='lat' dir='ltr'><strong>fi</strong></span> <span class='ocrx_word' id='word_1_308' title='bbox 528 1962 715 2014; x_wconf 80' lang='lat' dir='ltr'>receperis</span> <span class='ocrx_word' id='word_1_309' title='bbox 727 1993 738 2009; x_wconf 82' lang='lat'>,</span> <span class='ocrx_word' id='word_1_310' title='bbox 756 1961 887 2014; x_wconf 83' lang='lat' dir='ltr'>quidni</span> <span class='ocrx_word' id='word_1_311' title='bbox 911 1973 994 2000; x_wconf 86' lang='lat' dir='ltr'>tum</span> <span class='ocrx_word' id='word_1_312' title='bbox 1011 1963 1123 2000; x_wconf 82' lang='lat' dir='ltr'>etiam</span> <span class='ocrx_word' id='word_1_313' title='bbox 1137 1973 1211 2015; x_wconf 91' lang='lat' dir='ltr'>pro</span> <span class='ocrx_word' id='word_1_314' title='bbox 1223 1961 1357 2013; x_wconf 54' lang='grc' dir='ltr'>’γένους</span> <span class='ocrx_word' id='word_1_315' title='bbox 1371 1960 1492 2013; x_wconf 82' lang='lat' dir='ltr'>legas,</span> <span class='ocrx_word' id='word_1_316' title='bbox 1517 1960 1640 2014; x_wconf 73' lang='grc' dir='ltr'>γένος,</span> <span class='ocrx_word' id='word_1_317' title='bbox 1652 1971 1695 2000; x_wconf 90' lang='lat' dir='ltr'>ut</span> <span class='ocrx_word' id='word_1_318' title='bbox 1711 1959 1758 1999; x_wconf 85' lang='lat' dir='ltr'>fit</span> 
     </span>
     <span class='ocr_line' id='line_1_35' title="bbox 482 2014 1762 2070; baseline -0.002 -15"><span class='ocrx_word' id='word_1_319' title='bbox 482 2020 590 2070; x_wconf 74' lang='grc' dir='ltr'>’γένος</span> <span class='ocrx_word' id='word_1_320' title='bbox 604 2015 673 2055; x_wconf 72' lang='grc' dir='ltr'>τῶν</span> <span class='ocrx_word' id='word_1_321' title='bbox 685 2015 974 2065; x_wconf 56' lang='grc' dir='ltr'>ἓοιιιμωτέιτων,</span> <span class='ocrx_word' id='word_1_322' title='bbox 987 2016 1009 2054; x_wconf 88' lang='lat' dir='ltr'>i.</span> <span class='ocrx_word' id='word_1_323' title='bbox 1022 2028 1054 2055; x_wconf 87' lang='lat' dir='ltr'>e.</span> <span class='ocrx_word' id='word_1_324' title='bbox 1068 2027 1231 2068; x_wconf 80' lang='lat' dir='ltr'>quantum</span> <span class='ocrx_word' id='word_1_325' title='bbox 1246 2018 1294 2054; x_wconf 84' lang='lat' dir='ltr'>ad</span> <span class='ocrx_word' id='word_1_326' title='bbox 1298 2029 1403 2068; x_wconf 82' lang='lat' dir='ltr'>genus</span> <span class='ocrx_word' id='word_1_327' title='bbox 1414 2044 1424 2059; x_wconf 86' lang='lat'><strong>‚</strong></span> <span class='ocrx_word' id='word_1_328' title='bbox 1443 2026 1516 2053; x_wconf 80' lang='lat' dir='ltr'>erat</span> <span class='ocrx_word' id='word_1_329' title='bbox 1530 2030 1574 2054; x_wconf 88' lang='lat' dir='ltr'>ex</span> <span class='ocrx_word' id='word_1_330' title='bbox 1590 2014 1751 2066; x_wconf 80' lang='lat' dir='ltr'>probatis</span> <span class='ocrx_word' id='word_1_331' title='bbox 1745 2036 1762 2045; x_wconf 89' lang='lat'><em>-</em></span> 
     </span>
     <span class='ocr_line' id='line_1_36' title="bbox 477 2067 1758 2123; baseline -0.001 -14"><span class='ocrx_word' id='word_1_332' title='bbox 477 2072 592 2123; x_wconf 83' lang='lat' dir='ltr'>fimis,</span> <span class='ocrx_word' id='word_1_333' title='bbox 612 2071 634 2109; x_wconf 91' lang='lat' dir='ltr'>i.</span> <span class='ocrx_word' id='word_1_334' title='bbox 657 2083 690 2109; x_wconf 90' lang='lat' dir='ltr'>e.</span> <span class='ocrx_word' id='word_1_335' title='bbox 710 2070 873 2121; x_wconf 71' lang='lat' dir='ltr'>dignitate</span> <span class='ocrx_word' id='word_1_336' title='bbox 890 2069 1096 2123; x_wconf 73' lang='lat' dir='ltr'>conspicuis,</span> <span class='ocrx_word' id='word_1_337' title='bbox 1121 2069 1291 2110; x_wconf 84' lang='lat' dir='ltr'>formula</span> <span class='ocrx_word' id='word_1_338' title='bbox 1311 2069 1497 2122; x_wconf 86' lang='lat' dir='ltr'>loquendi</span> <span class='ocrx_word' id='word_1_339' title='bbox 1511 2069 1552 2108; x_wconf 91' lang='lat' dir='ltr'>in</span> <span class='ocrx_word' id='word_1_340' title='bbox 1568 2067 1758 2109; x_wconf 80' lang='lat' dir='ltr'>eiusmodi</span> 
     </span>
     <span class='ocr_line' id='line_1_37' title="bbox 484 2123 1134 2166; baseline 0.002 -2"><span class='ocrx_word' id='word_1_341' title='bbox 484 2125 704 2165; x_wconf 84' lang='lat' dir='ltr'>narratione</span> <span class='ocrx_word' id='word_1_342' title='bbox 721 2123 963 2166; x_wconf 76' lang='lat' dir='ltr'>usitatiffima.</span> <span class='ocrx_word' id='word_1_343' title='bbox 987 2124 1134 2165; x_wconf 77' lang='lat' dir='ltr'>Rmz.</span> 
     </span>
    </p>

    <p class='ocr_par' dir='ltr' id='par_1_7' title="bbox 474 2175 1759 2502">
     <span class='ocr_line' id='line_1_38' title="bbox 540 2175 1758 2231; baseline -0.002 -13"><span class='ocrx_word' id='word_1_344' title='bbox 540 2181 613 2218; x_wconf 78' lang='lat' dir='ltr'>ead.</span> <span class='ocrx_word' id='word_1_345' title='bbox 631 2179 654 2217; x_wconf 92' lang='lat' dir='ltr'>l.</span> <span class='ocrx_word' id='word_1_346' title='bbox 677 2193 734 2227; x_wconf 90' lang='lat'>14.</span> <span class='ocrx_word' id='word_1_347' title='bbox 749 2177 791 2216; x_wconf 75' lang='lat' dir='ltr'>‘O</span> <span class='ocrx_word' id='word_1_348' title='bbox 804 2178 1060 2230; x_wconf 69' lang='grc' dir='ltr'>Ἀνάχαρσις)</span> <span class='ocrx_word' id='word_1_349' title='bbox 1084 2178 1125 2216; x_wconf 82' lang='grc' dir='ltr'><strong>Ὁ</strong></span> <span class='ocrx_word' id='word_1_350' title='bbox 1148 2177 1378 2231; x_wconf 64' lang='grc' dir='ltr'>Ἀνάχαρσις</span> <span class='ocrx_word' id='word_1_351' title='bbox 1393 2176 1438 2217; x_wconf 57' lang='lat' dir='ltr'>se</span> <span class='ocrx_word' id='word_1_352' title='bbox 1452 2175 1558 2216; x_wconf 75' lang='grc' dir='ltr'>πόθεν</span> <span class='ocrx_word' id='word_1_353' title='bbox 1570 2175 1613 2216; x_wconf 75' lang='grc' dir='ltr'>Ξὶν</span> <span class='ocrx_word' id='word_1_354' title='bbox 1626 2175 1758 2216; x_wconf 77' lang='grc' dir='ltr'>ἐκεῖνον</span> 
     </span>
     <span class='ocr_line' id='line_1_39' title="bbox 483 2230 1758 2286; baseline -0.004 -12"><span class='ocrx_word' id='word_1_355' title='bbox 483 2231 580 2286; x_wconf 67' lang='grc' dir='ltr'>ἔγνω</span> <span class='ocrx_word' id='word_1_356' title='bbox 601 2230 748 2283; x_wconf 68' lang='grc' dir='ltr'>ὁμοεθνῆ</span> <span class='ocrx_word' id='word_1_357' title='bbox 768 2231 876 2278; x_wconf 59' lang='grc' dir='ltr'>ὅντα,</span> <span class='ocrx_word' id='word_1_358' title='bbox 901 2231 1096 2271; x_wconf 70' lang='grc' dir='ltr'>ἑλληνιστὶ</span> <span class='ocrx_word' id='word_1_359' title='bbox 1115 2231 1353 2283; x_wconf 69' lang='grc' dir='ltr'>ἐσταλμένον.</span> <span class='ocrx_word' id='word_1_360' title='bbox 1374 2232 1518 2271; x_wconf 84' lang='lat' dir='ltr'>Verte:</span> <span class='ocrx_word' id='word_1_361' title='bbox 1543 2231 1758 2282; x_wconf 77' lang='lat' dir='ltr'>Anacharsis</span> 
     </span>
     <span class='ocr_line' id='line_1_40' title="bbox 485 2285 1755 2340; baseline -0.001 -16"><span class='ocrx_word' id='word_1_362' title='bbox 485 2300 597 2327; x_wconf 78' lang='lat' dir='ltr'>autem</span> <span class='ocrx_word' id='word_1_363' title='bbox 612 2289 699 2326; x_wconf 83' lang='lat' dir='ltr'>unde</span> <span class='ocrx_word' id='word_1_364' title='bbox 718 2286 936 2339; x_wconf 71' lang='lat' dir='ltr'>cognovzffet,</span> <span class='ocrx_word' id='word_1_365' title='bbox 956 2287 1107 2325; x_wconf 77' lang='lat' dir='ltr'>Toxart&#39;rz</span> <span class='ocrx_word' id='word_1_366' title='bbox 1119 2286 1315 2340; x_wconf 68' lang='lat' dir='ltr'>popularem</span> <span class='ocrx_word' id='word_1_367' title='bbox 1323 2285 1428 2336; x_wconf 72' lang='lat' dir='ltr'>ficum</span> <span class='ocrx_word' id='word_1_368' title='bbox 1441 2285 1504 2338; x_wconf 64' lang='lat' dir='ltr'>effe</span> <span class='ocrx_word' id='word_1_369' title='bbox 1514 2315 1527 2330; x_wconf 91' lang='lat'><em>,</em></span> <span class='ocrx_word' id='word_1_370' title='bbox 1552 2286 1609 2337; x_wconf 82' lang='lat' dir='ltr'>qui</span> <span class='ocrx_word' id='word_1_371' title='bbox 1623 2286 1755 2324; x_wconf 83' lang='lat' dir='ltr'>Graeco</span> 
     </span>
     <span class='ocr_line' id='line_1_41' title="bbox 486 2338 1758 2394; baseline -0.002 -15"><span class='ocrx_word' id='word_1_372' title='bbox 486 2356 574 2380; x_wconf 83' lang='lat' dir='ltr'>more</span> <span class='ocrx_word' id='word_1_373' title='bbox 588 2343 724 2394; x_wconf 79' lang='lat' dir='ltr'>vestitus</span> <span class='ocrx_word' id='word_1_374' title='bbox 743 2341 923 2380; x_wconf 72' lang='lat' dir='ltr'>incedebat.</span> <span class='ocrx_word' id='word_1_375' title='bbox 938 2340 1104 2387; x_wconf 82' lang='lat' dir='ltr'>Deinde,</span> <span class='ocrx_word' id='word_1_376' title='bbox 1123 2340 1308 2393; x_wconf 52' lang='grc' dir='ltr'>ἀσίδηρον,</span> <span class='ocrx_word' id='word_1_377' title='bbox 1321 2338 1391 2381; x_wconf 61' lang='lat' dir='ltr'>Mn</span> <span class='ocrx_word' id='word_1_378' title='bbox 1407 2339 1618 2390; x_wconf 80' lang='grc' dir='ltr'>στωμύλον,</span> <span class='ocrx_word' id='word_1_379' title='bbox 1632 2349 1758 2387; x_wconf 85' lang='lat' dir='ltr'>verte,</span> 
     </span>
     <span class='ocr_line' id='line_1_42' title="bbox 474 2393 1758 2447; baseline 0 -15"><span class='ocrx_word' id='word_1_380' title='bbox 474 2398 550 2446; x_wconf 77' lang='lat' dir='ltr'>fine</span> <span class='ocrx_word' id='word_1_381' title='bbox 562 2394 669 2445; x_wconf 76' lang='lat' dir='ltr'>ftrro,</span> <span class='ocrx_word' id='word_1_382' title='bbox 683 2396 717 2433; x_wconf 58' lang='grc' dir='ltr'>(ς’</span> <span class='ocrx_word' id='word_1_383' title='bbox 730 2396 799 2433; x_wconf 71' lang='lat' dir='ltr'>iam</span> <span class='ocrx_word' id='word_1_384' title='bbox 810 2395 969 2447; x_wconf 77' lang='lat' dir='ltr'>lepidum,</span> <span class='ocrx_word' id='word_1_385' title='bbox 980 2394 1043 2434; x_wconf 81' lang='lat' dir='ltr'>seu</span> <span class='ocrx_word' id='word_1_386' title='bbox 1055 2396 1248 2446; x_wconf 75' lang='lat' dir='ltr'>elegantem,</span> <span class='ocrx_word' id='word_1_387' title='bbox 1263 2395 1298 2432; x_wconf 79' lang='lat' dir='ltr'>in</span> <span class='ocrx_word' id='word_1_388' title='bbox 1309 2394 1457 2446; x_wconf 75' lang='lat' dir='ltr'>alloquio</span> <span class='ocrx_word' id='word_1_389' title='bbox 1471 2393 1645 2439; x_wconf 78' lang='lat' dir='ltr'>blandum,</span> <span class='ocrx_word' id='word_1_390' title='bbox 1661 2405 1758 2445; x_wconf 76' lang='lat' dir='ltr'>qua-</span> 
     </span>
     <span class='ocr_line' id='line_1_43' title="bbox 485 2444 1759 2502; baseline -0.002 -14"><span class='ocrx_word' id='word_1_391' title='bbox 485 2449 541 2489; x_wconf 81' lang='lat' dir='ltr'>les</span> <span class='ocrx_word' id='word_1_392' title='bbox 563 2461 670 2489; x_wconf 80' lang='lat' dir='ltr'>erant</span> <span class='ocrx_word' id='word_1_393' title='bbox 692 2450 839 2498; x_wconf 79' lang='lat' dir='ltr'>Attici3</span> <span class='ocrx_word' id='word_1_394' title='bbox 862 2462 942 2490; x_wconf 89' lang='lat' dir='ltr'>non</span> <span class='ocrx_word' id='word_1_395' title='bbox 954 2447 1170 2502; x_wconf 72' lang='lat' dir='ltr'>flzcundum,</span> <span class='ocrx_word' id='word_1_396' title='bbox 1195 2460 1238 2488; x_wconf 89' lang='lat' dir='ltr'>ut</span> <span class='ocrx_word' id='word_1_397' title='bbox 1260 2449 1455 2502; x_wconf 81' lang='lat' dir='ltr'>interpres.</span> <span class='ocrx_word' id='word_1_398' title='bbox 1472 2444 1759 2488; x_wconf 80' lang='lat' dir='ltr'>Consuetudine</span> 
     </span>
    </p>
   </div>
   <div class='ocr_carea' id='block_1_3' title="bbox 1784 0 1841 2372">
    <p class='ocr_par' dir='ltr' id='par_1_8' title="bbox 1784 0 1841 2372">
     <span class='ocr_line' id='line_1_44' title="bbox 1784 0 1841 2372; baseline 0 0"><span class='ocrx_word' id='word_1_399' title='bbox 1784 0 1841 2372; x_wconf 95' lang='lat' dir='ltr'> </span> 
     </span>
    </p>
   </div>
  </div>
 </body>
</html>
