1768 3185
195 151 273 197 IN
303 151 514 198 VERAE
549 150 894 199 HISToRLxE
929 148 1054 199 Lm·
1079 155 1138 200 11.
1246 124 1343 221 ςὲγ

10 264 15 270 -
62 239 167 294 phas
181 238 321 280 Acosta
332 270 344 288 ‚
362 241 403 281 &
417 240 484 287 illi,
506 254 607 293 quos
627 242 881 295 navigationis
894 241 981 282 suae
996 241 1135 282 fundos
1148 243 1338 284 auctores-

63 307 143 348 que
163 294 299 341 habet,
317 293 512 334 Historiae
531 295 682 335 Indicae
698 309 732 335 c.
748 296 875 344 XXX,
887 296 952 336 lib.
970 295 1042 336 IV.
1058 296 1140 350 Ipsa
1150 299 1231 336 eius
1242 298 1340 338 haec

63 347 186 401 ῥητῶς
197 348 378 388 narratio.
400 350 462 387 Un
475 352 514 388 de
526 365 590 389 nos
592 349 701 401 fieres
715 351 845 388 homme
857 351 956 402 digne
967 353 1006 390 de
1016 350 1073 402 fin*
1088 367 1176 390 nous
1188 354 1335 401 contoic,

65 417 130 456 que
141 403 270 440 s’e'tam
292 404 390 454 e'gare'
407 402 442 455 G·
456 406 564 454 perdu
578 406 666 442 dans
684 404 732 442 les
749 416 958 458 montagnes,
969 404 1059 456 fims
1073 406 1219 457 sfavm'r
1231 408 1337 458 quelle

60 467 147 508 part
153 456 188 494 η’
218 470 288 508 par
297 458 342 495 012
353 457 598 505 ildevoitaller‚
610 458 639 495 il
640 456 682 508 fi
694 470 816 497 trouva
824 460 950 497 dedans
959 462 1017 497 des
1031 459 1219 511 bulſjbnsfi
1226 460 1336 512 e'pat‘s,

66 509 153 562 qu‘t'l
224 511 394 549 contraint
405 513 444 549 de
454 511 617 550 cheminer
621 513 646 562 J
645 511 687 550 ἱιν
700 512 799 550 iceux
804 512 894 563 sans
907 525 1018 551 mettre
1029 514 1078 552 les
1092 513 1192 566 pieds
1207 529 1246 551 en
1256 526 1337 552 terre

62 578 134 617 par
145 563 289 616 l’espace
301 565 340 602 de
353 564 472 618 quinze
480 564 584 617 jours
600 567 734 612 entiers,
751 566 786 604 6³
800 581 862 617 que
875 580 966 617 pour
976 582 1008 619 y
1018 567 1109 606 voire
1128 567 1158 605 le
1167 566 1287 618 fhleil,
1301 568 1338 606 δ’

65 631 158 669 pour
177 633 362 670 remarquer
378 621 516 671 quelque
534 620 663 658 chemin
681 635 721 658 en
743 631 822 658 cette
834 619 970 672 fhre‘tfi
983 621 1105 674 epazffe
1126 621 1161 659 6³
1176 621 1285 674 pleine
1298 608 1340 660 ase

67 672 156 719 bois,
173 672 202 710 il
214 673 311 711 avait
330 673 441 724 besot'n
459 674 499 710 de
518 684 644 712 menter
664 688 711 712 au
729 688 877 726 coppeau
895 677 951 713 des
965 676 1048 728 plus
1066 677 1196 728 grands
1210 677 1340 722 arbres,

27 750 30 751 ν
65 740 159 780 pour
168 726 204 764 ld
218 727 414 765 descouvrir
423 727 453 764 le
465 726 604 767 chemin.
616 728 806 766 MARCIL.

123 779 159 818 in
170 779 284 818 Schol.
302 779 398 819 ’Ar-ri
410 778 476 819 τοῦ
488 780 596 834 &c.)
619 781 709 821 Hoc
724 781 764 821 &
780 780 940 835 sequens
951 781 1136 822 Scholion
1158 783 1204 822 ad
1220 783 1342 823 aliena

66 833 189 874 verba
203 834 367 873 relatum
378 864 392 881 ‚
405 846 479 879 eo,
492 847 573 888 quo
589 837 752 888 pertinet
762 865 774 880 ,
789 837 939 875 reduxit
952 835 1123 876 Solanus.
1140 837 1289 876 RnTz.

122 887 215 941 Pag.
231 888 354 940 301.l.
370 904 407 936 4.
421 888 688 942 Ἀντιμάχου)
702 888 905 942 Scripserat
916 890 946 930 is
959 893 1099 942 poema
1112 890 1157 930 de
1170 892 1340 944 Argivo·

66 953 158 982 rum
179 953 317 981 contra
334 942 544 981 Thebanos
559 944 825 995 expeditione,
847 944 908 983 cui
928 945 1074 983 Thebais
1095 945 1230 984 titulus
1244 958 1342 985 erat.

67 995 213 1034 Athen.
228 994 304 1043 468
322 996 370 1034 A.
385 1010 460 1047 475
475 995 526 1035 D.
544 997 583 1036 δι
599 997 676 1045 482
695 996 735 1037 F.
749 998 926 1037 Meminit
942 997 1166 1038 Plutarchus
1186 1000 1341 1052 Elegiae

68 1049 118 1089 ab
134 1050 209 1089 hoc
217 1048 380 1102 scriptae
391 1050 416 1089 f.
430 1051 495 1102 65.
507 1065 543 1089 2.
558 1051 707 1090 Platoni
720 1052 916 1104 probatur.
930 1051 1013 1092 Cic.
1026 1053 1134 1092 Brut.
1149 1066 1208 1103 51.
1221 1054 1342 1093 Hune

67 1104 164 1142 tanti
184 1102 344 1143 faciebat
363 1103 556 1144 Adrianus
574 1104 673 1156 Imp.
698 1117 739 1144 ut
762 1107 939 1145 Homero
959 1106 1121 1154 exffio,
1142 1106 1267 1146 solum
1290 1108 1339 1146 ab

67 1157 253 1197 omnibus
267 1157 340 1211 legi
352 1158 480 1197 vellet.
498 1159 598 1198 Audi
613 1159 754 1211 Xiphil.
766 1173 801 1212 p.
816 1160 907 1206 261,
926 1161 992 1199 καὶ
1007 1157 1103 1198 οὕτω
1115 1175 1165 1214 ’γε
1176 1160 1343 1200 Tolosae:

67 1204 107 1252 ἷν
125 1207 174 1250 ὦς
195 1211 261 1250 καὶ
283 1216 348 1251 τὀν
361 1207 518 1264 υΟμηρον
538 1212 736 1252 καταλύων
750 1213 984 1265 Ἀντίμαχον
1007 1215 1088 1255 ἀντ’
1101 1211 1217 1254 miror]
1239 1215 1342 1254 εἰσίε-

67 1278 171 1317 Ὶειν,
185 1259 339 1316 οίῗμηὲὲ
359 1269 402 1305 τὶ)
414 1265 529 1316 ’ὄνομα
548 1267 681 1306 πολλοὶ
701 1270 869 1319 πρότερον
882 1266 1104 1308 horreum.
1120 1267 1341 1308 Verbosum

65 1318 175 1359 fuisse
195 1320 308 1359 docet
327 1319 544 1374 Gregorius
557 1320 787 1374 Theologus
801 1323 840 1360 in
854 1321 963 1375 Epist.
978 1323 1023 1362 ad
1041 1323 1277 1362 Nicobulum
1294 1337 1315 1362 2
1328 1355 1342 1372 ‚

69 1373 128 1413 his
142 1373 274 1413 verbis
286 1404 297 1422 ,
311 1371 426 1414 οὕτως
441 1375 517 1429 ἐγὼ
529 1375 594 1414 καὶ
608 1376 960 1429 βραχυλογώτοιτον
971 1371 1128 1430 Ὅμηρον
1143 1378 1260 1430 λέγω,
1276 1378 1343 1416 καὶ

69 1427 191 1468 πολὺν
211 1431 273 1467 ’τὀν
288 1428 530 1482 Ἀντιμάχη·
550 1428 654 1478 vrc2353
673 1429 749 1469 τοῖς
767 1430 979 1483 πράγμασι
1000 1432 1120 1483 κρίνων
1144 1433 1186 1468 τὸ
1207 1430 1343 1480 μῆκος,

70 1481 163 1521 ἀλλ’
175 1478 214 1520 οὗ
226 1481 308 1521 τοῖς
320 1489 546 1533 γράμμασι.
561 1483 683 1536 Apud
694 1483 804 1522 Bafil.
820 1498 855 1536 p.
869 1484 924 1523 ed.
938 1483 1019 1523 Bas.
1034 1484 1120 1524 286.
1135 1483 1293 1523 SOI-AN.

125 1539 198 1575 ead.
211 1537 232 1574 l.
249 1549 264 1574 1
278 1549 308 1575 ι.
319 1535 505 1589 Ὀρῶμεν)
526 1537 616 1576 Edd.
630 1539 683 1575 Fl.
697 1537 738 1576 ἃ
755 1539 800 1576 Β.
816 1553 849 1577 2.
870 1538 971 1577 refre
982 1552 995 1586 3
1008 1538 1046 1577 in
1060 1538 1216 1590 reliquis
1229 1537 1343 1589 ἑωρῶ-

67 1589 328 1640 pem-Latinus
342 1591 528 1644 interpres
545 1590 647 1630 reete
663 1593 800 1640 vertit,
815 1591 920 1643 quast
936 1591 1070 1644 ὁρῶμεν
1087 1592 1127 1631 δε
1142 1591 1218 1644 ipse
1231 1591 1344 1645 legis-

68 1642 136 1683 set.
156 1643 315 1683 SOLAN.
336 1644 446 1684 Errat
463 1644 649 1691 Solanus,
666 1646 794 1685 dicens
812 1646 857 1684 B.
877 1660 910 1684 2.
933 1646 957 1684 i.
972 1659 1003 1685 e.
1023 1645 1270 1686 Bafileensem
1289 1645 1343 1685 se-

70 1697 252 1743 cundam,
265 1711 355 1738 cum
367 1698 590 1738 Florentina
604 1698 746 1747 facere3
761 1712 848 1738 nam
862 1711 982 1752 aeque
997 1713 1040 1738 ac
1052 1701 1097 1738 B.
1116 1713 1148 1747 1,
1162 1700 1270 1739 cuius
1282 1713 1343 1739 er-

67 1764 177 1792 rores
189 1751 349 1792 fideliter
360 1751 456 1792 solet
471 1765 664 1804 repetere,
688 1753 803 1793 habet
819 1752 989 1805 ἑωρῶμεν.
1007 1752 1071 1793 De
1091 1753 1120 1792 F
1122 1754 1259 1793 lox-ent.
1272 1766 1343 1792 ve-

70 1819 119 1846 ro
135 1806 236 1846 recte
248 1817 392 1846 monet.
405 1807 553 1846 Rmz.

125 1860 163 1899 in
177 1861 292 1899 Schol.
308 1861 371 1900 col.
386 1875 420 1899 2.
432 1862 455 1900 l.
471 1875 485 1900 1
494 1891 503 1899 .
517 1859 751 1914 Κρειττόνων)
767 1859 902 1912 Quam
912 1870 999 1913 apte
1011 1860 1110 1900 hanc
1123 1873 1262 1900 vocem
1275 1860 1343 1900 ho-

70 1926 140 1954 mo
161 1913 399 1954 Christianus
420 1914 595 1968 usurpet,
611 1915 692 1954 aliis
712 1915 991 1954 diiudicandum
1012 1915 1202 1968 relinquo.
1224 1914 1343 1955 Certe

71 1967 225 2010 Mosem
240 1982 262 2007 a
273 1969 445 2009 Luciano
460 1970 537 2022 peti
552 1982 633 2008 non
647 1969 771 2009 credo.
789 1969 947 2008 Soram.

128 2023 220 2076 Pag.
233 2037 320 2076 302.
335 2023 359 2063 l.
375 2038 413 2071 4.
433 2024 530 2062 Κατ’
552 2022 693 2075 ἑκεὶνο)
707 2023 970 2062 Variationem
992 2021 1128 2062 frustra
1151 2021 1344 2075 quaesivit

73 2075 260 2125 Solanus;
271 2090 342 2117 nec
353 2089 398 2117 ea
411 2089 510 2130 opus
521 2075 585 2116 est.
599 2077 699 2116 Nam
714 2077 799 2116 licet
812 2076 1001 2117 aarum
1011 2079 1212 2130 praecedat
1220 2107 1230 2124 ,
1254 2086 1344 2129 pot-

70 2129 126 2170 est
143 2141 272 2171 tamen
284 2143 465 2171 neutrum
479 2130 587 2170 ἐκεῖνο
600 2131 646 2170 ad
660 2133 835 2184 πέλαγος
853 2131 970 2183 paulo
992 2143 1078 2170 ante
1099 2129 1341 2182 praemiisum

70 2183 227 2230 referri,
251 2185 336 2232 vel,
355 2186 460 2237 quod
478 2185 603 2224 malim
619 2215 630 2230 ,
651 2184 822 2224 absolute
843 2183 1010 2236 positum
1032 2185 1152 2236 accipi
1166 2184 1211 2223 de
1231 2184 1346 2233 loco;

71 2239 197 2278 veluti
209 2238 272 2278 ἐπὶ
285 2242 351 2285 τὺ,
364 2238 405 2278 &
419 2239 470 2278 εἰς
486 2238 576 2277 τόδε
592 2241 678 2285 huc,
698 2238 888 2278 intellecto
902 2241 1035 2290 χωρίον
1052 2239 1248 2290 accipitur,
1264 2239 1342 2279 vid.

73 2292 115 2333 L.
126 2293 206 2332 Bos
216 2294 261 2332 de
270 2292 388 2345 ellipfi
399 2293 437 2331 in
445 2294 741 2345 χωρίονΝειύῐη
753 2292 793 2332 &
805 2304 1001 2344 praeterea
1014 2302 1193 2331 neutrum
1205 2304 1340 2344 genus,

73 2358 118 2386 ut
136 2347 336 2399 generale,
357 2347 474 2386 etiam
499 2346 739 2386 substantivis
762 2345 975 2385 masculinis
997 2345 1038 2384 &
1054 2345 1243 2385 femininis
1257 2347 1343 2385 iun·

74 2400 135 2452 gi,
146 2402 234 2454 quis
251 2400 371 2440 nescit
382 2431 395 2447 ‚
410 2413 452 2440 ut
465 2400 586 2453 Long.
597 2400 690 2439 Past.
706 2400 745 2446 l,
761 2413 797 2453 p.
814 2399 836 2438 8
849 2429 861 2446 ‚
878 2396 896 2439 »i
912 2400 982 2449 μὲν
998 2400 1126 2447 Nan-n,
1141 2398 1249 2458 rgfiro
1259 2402 1341 2456 γὰρ

74 2453 260 2497 ἐκαλεῖτο.
272 2455 369 2502 Vel,
385 2466 426 2495 ut
447 2455 488 2495 in
510 2453 698 2495 tritiffimo
715 2454 780 2495 illo
794 2453 1014 2504 Aelian.X‚
1033 2467 1102 2505 10,
1118 2468 1226 2494 τουτο
1241 2453 1343 2508 βοός,
