1841 3180
453 157 547 204 «μω
639 140 1529 190 ΑΝΝΟΤΑΤΙΟΝΕΞ

450 233 478 272 fi
495 233 528 271 ei
549 231 651 272 hunc
671 232 827 271 Luciani
846 230 976 269 locum
998 228 1241 282 opposuero,
1267 229 1437 283 aliosque
1459 243 1507 270 ex
1529 226 1717 271 Plutarch.

453 287 571 326 Num.
589 300 625 339 p.
639 299 705 335 71,
727 285 799 334 76,
818 284 1015 323 Coriolan.
1034 284 1178 332 215‚&
1198 297 1234 336 p.
1255 298 1342 335 943.
1363 286 1446 324 Nec
1461 297 1543 324 non
1564 285 1716 325 Heliod.

450 338 495 379 L.
510 339 584 385 IX,
602 353 637 391 p.
655 352 745 387 427,
762 350 861 389 quos
877 336 986 376 affert
999 337 1068 376 lac.
1083 336 1183 376 Elsn.
1197 338 1241 376 ad
1253 338 1401 389 Evang.
1416 338 1554 377 Matth.
1570 338 1649 384 111,
1666 340 1690 377 6
1702 368 1715 384 ,

453 405 498 432 ut
521 394 657 446 probet
669 422 682 438 ,
697 391 860 430 verbum
884 390 1196 442 ἑξομολογεῖσῧαι
1211 392 1325 430 etiam
1341 390 1513 445 profanis
1529 391 1717 445 scriptori-

450 446 522 487 bus
536 459 614 485 non
626 444 843 485 inusitatum
857 443 940 483 effe.
955 444 1101 483 RfflTz.

506 500 586 538 ibid.
600 498 828 552 Πράγμειτα.
842 497 990 537 παίδων
1005 497 1183 550 ἔχοντες)
1198 498 1391 537 Puerilibus
1405 499 1601 551 quibusdam
1613 500 1714 551 nugis

450 569 582 594 vacare.
596 553 735 592 BROD.

503 608 576 645 ead.
590 608 612 645 l.
627 618 685 658 13.
700 604 967 658 Παραμυΰίαιν)
988 602 1134 644 Confer
1156 603 1266 657 supra
1288 609 1392 653 Νεκρ.
1407 612 1521 644 Atera.
1534 606 1659 655 XV,§
1679 620 1713 658 3.

451 659 609 700 SOLAN.
622 659 690 698 Illa
706 658 833 698 Solani
848 659 977 698 citatio
994 657 1082 696 nihil
1098 658 1199 697 aliud
1212 658 1311 704 vult,
1325 672 1439 711 quam
1454 659 1645 698 luminam
1659 662 1716 698 ed.

449 714 502 753 ibi
519 714 616 752 male
632 712 779 752 hab-diff
777 725 797 750 e
812 715 918 764 παρὰ
934 712 1079 760 μυθιίιν·
1101 712 1207 764 quod
1222 712 1360 751 vitium
1380 713 1434 750 H.
1449 726 1608 766 quoque
1625 726 1714 753 cum

449 767 638 807 obsideret
649 797 660 814 ,
676 779 722 805 ex
736 766 817 805 aliis
831 765 871 804 δε
884 765 1092 804 collatione
1102 764 1216 804 huius
1228 762 1407 805 Lucianei
1421 766 1496 805 loci
1513 767 1547 805 id
1562 765 1717 806 sustule-

450 833 508 861 rat
521 821 696 860 Solanus.
711 819 765 858 At
778 820 813 858 id
830 820 868 858 in
886 820 1123 858 variantibus
1134 819 1237 858 Ιεᾶῐ.
1249 819 1301 858 ibi
1314 832 1394 859 non
1407 831 1616 873 comparet.
1633 821 1717 861 Nec

450 875 578 916 refert.
599 874 641 913 Id
660 885 787 913 autem
804 872 1000 919 omiffum‚
1025 873 1115 926 quia
1133 873 1219 913 edit.
1240 874 1332 913 Iunc.
1354 873 1392 912 in
1407 887 1483 926 qua
1497 874 1716 914 editionum

450 930 657 968 varietates
680 938 883 966 notaverat
906 926 1048 972 noster,
1074 939 1155 965 non
1178 926 1386 980 poffidebat
1400 927 1613 967 Hemsterh.
1638 928 1715 967 Etfi

449 982 603 1028 forsan,
621 982 650 1021 fi
663 980 872 1035 poffediffet
884 1010 896 1027 ,
912 980 1095 1020 eiusmodi
1110 982 1290 1020 minutias
1305 993 1384 1021 non
1395 981 1617 1021 annotasset.
1633 980 1716 1021 Cur

449 1048 578 1078 autem
599 1048 671 1075 nos
684 1045 877 1083 notemuS,
890 1036 929 1073 in
942 1034 1179 1086 praefatione
1193 1035 1335 1074 dicendi
1348 1035 1458 1074 locus
1470 1037 1553 1075 erit.
1569 1036 1715 1075 RHTZ.

507 1089 599 1141 Pag.
615 1102 699 1129 102.
711 1090 732 1130 l.
746 1087 830 1142 9541
847 1087 1007 1140 isliu-ref)
1021 1087 1300 1141 Ang1.÷is6m,
1314 1089 1488 1128 Eoum).
1503 1089 1654 1129 risa-125
1664 1090 1716 1130 A.

450 1143 490 1184 Ρ.
506 1145 546 1184 &
559 1144 602 1183 L.
615 1143 771 1189 Melius,
781 1155 895 1193 quam
910 1142 1015 1195 quod
1026 1142 1064 1181 in
1078 1152 1166 1182 cett.
1178 1141 1216 1181 δι
1229 1141 1308 1196 ipso
1319 1143 1376 1181 M.
1387 1143 1541 1182 istiu-125.
1554 1142 1714 1183 SOLAN.

506 1201 580 1237 ead.
596 1197 621 1237 l.
638 1211 652 1236 1
662 1209 696 1236 2.
711 1197 779 1234 Καὶ
791 1193 876 1236 λήθη
892 1217 936 1225 —-
948 1198 1017 1246 πρὸ
1031 1192 1250 1249 manasen)
1265 1196 1362 1236 Duo
1374 1197 1627 1236 inveniuntur
1640 1198 1717 1237 Eu-

451 1252 569 1293 clidae
584 1252 682 1290 inter
706 1249 947 1296 Archontas,
971 1262 1137 1302 quorum
1160 1251 1319 1290 nomina
1339 1249 1547 1303 supersunt.
1568 1251 1718 1291 Primus

451 1319 555 1346 anno
573 1319 592 1343 2
607 1304 856 1356 Olympiadis
873 1303 921 1341 88
933 1303 1098 1357 ,quinto
1110 1316 1215 1342 anno
1230 1304 1317 1344 belli
1329 1304 1658 1357 Peloponnesiaci,
1672 1306 1719 1346 de

451 1373 535 1413 quo
558 1371 637 1399 non
651 1357 704 1398 est
718 1359 777 1411 liic
792 1356 928 1397 sermo.
943 1357 1055 1397 Alter
1073 1370 1178 1397 anno
1202 1372 1223 1396 2
1243 1357 1492 1411 Olympiadis
1504 1372 1580 1411 94,
1597 1372 1715 1412 quem

450 1413 626 1466 intelligit
641 1412 718 1452 hoc
737 1412 828 1451 loco
849 1411 1061 1451 Lucianus:
1088 1424 1137 1451 eo
1157 1411 1259 1451 enim
1279 1423 1495 1464 praeturam
1517 1413 1717 1453 obtinente

451 1467 550 1507 facta
564 1466 615 1506 est
630 1465 829 1513 amnestia,
848 1476 890 1504 ut
907 1477 1034 1504 narrat
1048 1465 1270 1518 Xenophon
1286 1466 1365 1505 Lib.
1384 1481 1405 1505 2
1422 1465 1610 1506 Hellenic.
1623 1467 1718 1507 Ideo

450 1521 563 1574 saepe
584 1520 686 1572 apud
700 1519 876 1559 auclores
891 1518 1065 1557 historiae
1084 1520 1124 1559 &
1139 1520 1314 1560 rhetoras
1333 1519 1378 1559 fit
1392 1520 1538 1559 mentio
1559 1520 1631 1560 τῶν
1645 1525 1717 1573 πρὸ

453 1571 654 1614 Εὗκλείέου
667 1604 679 1620 ,
698 1586 863 1625 quorum
878 1585 956 1611 non
972 1571 1110 1612 licebat
1122 1572 1331 1613 meminiffe
1340 1585 1438 1621 ,nec
1450 1587 1494 1613 ea
1507 1575 1717 1626 exprobra-

453 1642 520 1675 re,
536 1629 576 1668 δι
592 1640 641 1667 eo
655 1640 758 1667 anno
781 1625 1070 1666 Atheniensium
1088 1625 1300 1680 respublica
1316 1626 1523 1667 instaurata
1546 1627 1616 1667 fuit
1627 1657 1638 1675 ,
1659 1628 1717 1669 fa-

451 1682 513 1721 &a
528 1682 624 1720 inter
646 1683 752 1721 cives
772 1693 879 1734 pace.
901 1680 1038 1719 PALM.
1061 1681 1179 1733 Apud
1199 1679 1458 1721 Montfaucon
1479 1683 1519 1720 in
1536 1682 1715 1723 Bibliotb.

454 1735 600 1775 Coslei.
613 1748 649 1788 p.
665 1748 764 1788 490,
779 1736 816 1773 in
829 1735 1024 1786 Excerptis
1039 1733 1221 1788 inscriptis
1237 1735 1453 1788 Συναγωγὴ
1473 1735 1606 1788 λέξεων
1624 1752 1718 1789 χρη.

455 1791 571 1841 σι’μων
583 1788 624 1828 ἐκ
637 1788 708 1828 τῶν
718 1786 786 1827 τοῦ
798 1786 998 1827 Λουκιανοῦ
1005 1818 1019 1834 ,
1040 1788 1084 1827 ad
1097 1788 1134 1827 h.
1149 1790 1172 1829 l.
1185 1789 1278 1828 haec
1291 1789 1411 1841 legas:
1424 1790 1479 1828 Τέι
1493 1792 1562 1842 πρὸ
1574 1785 1719 1830 Etiamsi-

452 1842 524 1883 sou
536 1841 591 1883 νῦν
603 1841 843 1894 ἐξετάζονται.
859 1841 1057 1894 Παροιμίαι.
1070 1840 1161 1881 ‘'O‘tt
1176 1841 1212 1882 ὲν
1233 1841 1286 1892 τῷ
1300 1843 1632 1894 Πελοποννησιακῷ
1644 1860 1715 1883 πο·

453 1898 555 1948 λέμῳ
578 1895 607 1935 οἱ
622 1895 905 1947 Aetne-lambunt
926 1894 998 1934 τῶν
1015 1893 1200 1936 Ἀθηναίων
1221 1896 1493 1950 περιγενόμενοι
1512 1896 1716 1948 τριάκοντα

454 1951 645 2004 τυράννους
660 1947 821 1989 ἔστησαν
834 1949 924 1999 παρ’
935 1945 1080 1996 οιῦτοῖς,
1093 1947 1236 1989 οἵτινες
1246 1950 1320 1989 τῶν
1332 1950 1496 1989 πολιτῶν
1507 1953 1611 2000 μετὰ,
1621 1951 1714 1990 ταῦ-

452 2019 509 2044 τα.
524 2002 649 2044 κακῶς
664 2002 865 2055 ἐκέχρηντο
882 2001 962 2041 τοῖς
978 2001 1129 2041 λοιποῖς.
1146 2003 1428 2043 καταλυθέντων
1441 1997 1498 2044 οὖν
1511 2003 1584 2043 τῶν
1594 2005 1717 2058 τυράν-

453 2073 535 2105 νων,
547 2057 612 2096 noel
624 2058 817 2110 γινομένου
826 2057 912 2107 μετ’
925 2052 1053 2096 αὐτοῖς
1068 2052 1264 2096 &amison
1279 2059 1475 2110 ἄρχοντος,
1485 2055 1549 2097 ἵνα
1559 2059 1611 2106 μὴ
1629 2072 1717 2109 μνη·

452 2108 704 2152 σικακῆο-ωσιν
721 2108 902 2151 ἀλλήλοις
914 2109 947 2148 οἱ
959 2108 1116 2149 πολῖται
1128 2141 1139 2158 ,
1156 2109 1331 2151 συνθήκαις
1344 2111 1535 2160 ἐποίησαν,
1544 2108 1648 2152 ὥστε
1658 2115 1712 2152 τὰ

451 2168 523 2218 πρὸ
539 2162 735 2204 Εὗκλείέου
749 2162 869 2216 ἄκυρα,
882 2159 985 2204 εἶναι.
1001 2162 1119 2216 Quae
1140 2164 1228 2204 ideo
1246 2164 1306 2204 hic
1320 2175 1455 2217 repeto
1467 2194 1477 2211 ,
1494 2175 1538 2205 ut
1550 2179 1636 2206 cum
1657 2166 1716 2206 su-

450 2219 607 2273 periore
620 2217 777 2258 Scholio
791 2217 976 2263 conferri,
991 2217 1031 2257 δι
1042 2218 1163 2257 videri
1176 2230 1292 2271 queat
1303 2249 1314 2266 ‚
1335 2218 1431 2259 idem
1445 2218 1532 2265 effe,
1545 2219 1606 2260 sed
1616 2233 1715 2259 non-

451 2273 556 2312 nulla
571 2272 677 2311 aliter
690 2272 776 2324 legi.
790 2271 920 2318 Adde,
937 2270 965 2309 si
978 2271 1084 2311 lubet
1094 2302 1106 2320 ,
1119 2271 1249 2312 Schol.
1264 2272 1307 2312 δι
1320 2271 1656 2314 Commentatores
1667 2273 1714 2313 ad

455 2325 651 2379 Aristoph.
662 2325 759 2365 Plut.
771 2340 811 2364 v.
827 2340 841 2364 1
854 2339 867 2364 1
877 2339 939 2375 47.
952 2325 1099 2365 Rmz.

508 2382 581 2419 ead.
600 2380 623 2418 l.
642 2393 699 2432 13·
722 2381 792 2431 Πρὶν
813 2374 1042 2432 romanu)
1064 2378 1282 2433 Ἀμνηστίοι.
1297 2379 1467 2422 Gure‘r.
1477 2379 1577 2421 Vide
1592 2379 1714 2421 Scho-

454 2432 523 2482 lia,
536 2433 578 2473 δι
591 2437 772 2474 Kanum.
787 2446 818 2474 c.
841 2447 873 2486 ς.
885 2431 1043 2474 SOLAN.
