1841 3180
460 149 554 194 404
649 127 1529 178 ANNOTATIONES

459 233 639 276 quentet,
658 233 702 261 ut
717 221 826 260 initio
839 220 956 258 liuius
970 217 1129 269 Dialogi
1144 216 1267 256 innuit
1279 246 1291 262 ‚
1314 216 1350 255 id
1363 228 1492 255 tamen
1513 214 1639 255 minus
1653 215 1733 257 huc

459 277 648 330 quadrare
665 276 830 315 videtur.
847 274 1012 313 solanus
1029 273 1239 318 adiecerat,
1265 270 1468 322 legendum
1492 269 1508 308 ὃ
1533 267 1630 317 τοῖς,
1649 283 1732 310 non

462 331 586 375 male,
604 331 644 369 &
666 327 941 369 conferendum
961 323 1053 379 Εὖχ.
1079 338 1162 377 cap.
1185 325 1247 364 26.
1261 324 1339 363 Ubi
1355 325 1392 363 in
1407 323 1631 377 quibusdam
1652 324 1735 363 edd.

459 397 618 439 quoque
631 383 645 422 ὅ
661 382 754 423 παῖς
768 382 917 434 legitur,
931 393 1019 419 cum
1039 379 1132 418 aliae
1148 378 1284 417 ibidem
1297 377 1428 417 reete&
1449 376 1528 417 παῖς
1550 377 1735 425 habeanr3

464 439 642 478 nimirum
656 437 678 478 ,ὁ
694 434 773 475 oric
798 434 993 481 πλούτων,
1013 445 1106 472 totus
1127 431 1322 483 thesaurus,
1338 444 1428 471 totae
1447 432 1598 470 divitiae.
1617 431 1734 471 Prae-

460 505 566 532 terea
581 492 621 531 δι
637 502 710 542 pro
723 492 856 542 λέγων,
871 488 961 540 legit
979 487 1084 532 λέων,
1099 487 1204 539 quod
1219 485 1293 525 scil.
1310 486 1466 532 licebat,
1481 486 1572 537 quia
1591 486 1652 525 alii
1665 486 1736 539 γε’-

461 559 534 587 λων
547 544 744 584 exhibent:
765 543 816 581 ita
832 554 872 581 ut
890 553 1019 580 totum
1036 540 1088 579 sle
1101 539 1307 579 constituat
1319 571 1331 585 ‚
1351 536 1454 578 οὐθὲν
1468 542 1547 592 ’γὰρ
1567 542 1660 591 πρὸς
1673 541 1736 578 τὶν

463 599 650 642 Διόνυσον,
662 597 677 634 ὃ
691 594 770 634 πᾶς
789 597 892 643 λέων,
905 596 993 634 nilzil
1002 596 1088 633 enim
1108 596 1158 632 ad
1167 609 1232 632 rem
1241 592 1437 644 fizcittotus
1453 594 1514 632 leo.
1531 592 1652 645 Eligat
1666 593 1734 646 igi-

461 664 540 698 tur,
553 652 658 703 quod
671 650 757 703 quis
776 649 893 688 volet.
908 649 1057 688 Rmz.
1068 647 1222 687 Suidam
1235 648 1272 685 in
1291 644 1396 686 miste
1407 646 1552 693 laudat,
1568 646 1735 701 nihilque

463 718 564 759 opus
577 704 650 744 effe
664 703 929 744 emendatione
941 703 978 741 h.
996 703 1019 741 l.
1033 703 1129 741 bene
1142 712 1301 740 annotat
1313 700 1359 740 cl.
1370 700 1415 740 B.
1430 701 1476 740 de
1488 700 1582 740 Ball.

517 757 849 810 εαά.1.4.Φειὲίᾳ)
866 757 926 796 Ad
947 756 1118 795 Phidiam
1139 756 1253 808 igitur
1267 754 1468 808 proverbii
1489 754 1604 795 huius
1622 754 1738 807 origi·

463 827 550 853 nem
566 810 681 852 refert
696 810 912 851 Lucianus?
933 809 1038 863 quasi
1053 811 1082 849 is
1093 809 1187 849 olim
1204 810 1256 847 ita
1278 808 1560 861 reprehenderit
1573 821 1738 862 puerum

463 868 529 907 vel
542 868 706 906 tironem
718 896 730 914 ,
745 878 868 916 eaque
881 865 1002 904 verba
1017 876 1118 904 nunc
1131 864 1176 902 ad
1191 863 1479 902 Hermotimum
1491 874 1651 916 repetat.
1663 863 1740 902 Ta-

464 922 500 961 le
513 920 603 975 quid
625 919 712 959 sane
728 919 850 959 verba
871 918 939 957 fibi
959 918 1101 971 yolunt
1112 945 1122 964 ,
1141 917 1168 956 s1
1183 918 1233 956 ita
1249 917 1348 955 dedit
1363 917 1556 956 Lucianus
1567 947 1579 964 ,
1597 917 1643 957 de
1654 930 1740 970 quo

465 976 535 1016 vix
547 974 600 1014 est
611 984 654 1013 ut
668 973 898 1020 dubitemus,
912 972 997 1013 licet
1011 972 1095 1011 aliis
1108 971 1168 1010 alii
1182 984 1241 1023 ap.
1258 969 1400 1010 Erasm.
1416 970 1742 1012 tribuamGtsN.

521 1029 612 1082 Pag.
624 1041 688 1081 75.
704 1028 727 1066 l.
744 1041 776 1080 5.
796 1026 833 1065 »Εἰ
856 1027 906 1077 μὴ
933 1026 1057 1078 ἀνέχῃ
1081 1024 1148 1066 τὴν
1167 1024 1382 1077 διατριβὴν)
1405 1023 1638 1078 Obsopoeus
1649 1055 1659 1073 ‚
1674 1026 1743 1078 mst

466 1083 613 1123 exercitii
629 1082 769 1134 impigro
777 1081 892 1134 fludio
908 1081 996 1120 illud
1005 1079 1202 1131 consecutus
1208 1078 1331 1130 fheris.
1344 1078 1571 1119 Benediftus
1580 1108 1594 1126 ‚
1612 1079 1648 1118 ni
1661 1096 1674 1118 ι
1684 1095 1742 1119 re-

466 1137 575 1189 cipias
589 1135 846 1189 difijuifitionem
858 1135 966 1174 illam.
982 1133 1109 1173 Immo
1122 1133 1356 1186 simpliciter,
1372 1135 1437 1185 nist
1445 1135 1533 1172 hanc
1542 1148 1669 1173 moram
1674 1133 1742 1185 fit-

460 1192 602 1245 stineus,
624 1199 775 1229 tantum
799 1188 988 1240 temporis
1009 1187 1198 1228 colloces:
1222 1200 1309 1226 nam
1329 1187 1499 1241 respicit,
1516 1187 1623 1241 quod
1641 1188 1742 1228 Her-

467 1245 655 1285 motimus
668 1244 813 1283 dixerat
827 1243 872 1282 de
886 1243 993 1294 μορίῳ
1008 1239 1158 1295 ἧμέρας.
1171 1241 1318 1282 ΟΚΟΝ.

523 1301 597 1337 ead.
613 1300 636 1337 l.
654 1298 690 1337 6.
702 1296 765 1336 Ὡς
781 1295 940 1346 ἀκριβῶς
952 1296 970 1350 )
982 1295 1048 1335 An
1071 1294 1235 1344 Hac-121³.
1252 1298 1386 1348 Guyet.
1401 1295 1494 1335 Non
1506 1325 1518 1341 ,
1533 1295 1586 1335 mi
1601 1295 1744 1348 Guye·

467 1364 530 1401 te,
544 1348 589 1392 ὧς
611 1351 769 1404 ἀκριβῶς
791 1351 891 1391 enim
906 1349 960 1390 est
973 1366 1075 1403 quam
1091 1362 1267 1389 accurate:
1290 1359 1406 1403 auget
1428 1350 1529 1390 enim
1550 1351 1743 1389 interdum

470 1407 563 1446 illud
579 1403 641 1455 ὣς,
656 1416 700 1445 ut
712 1404 759 1445 ὣς
771 1404 912 1444 ἀληθῶς
925 1404 1138 1444 Aelian.V.
1154 1405 1206 1443 H.
1223 1403 1279 1443 111
1289 1433 1302 1450 ‚
1321 1419 1382 1452 24.
1396 1403 1456 1444 Sic
1467 1401 1514 1442 ὣς
1529 1403 1675 1456 σφόὃραι
1684 1419 1746 1457 per

471 1477 572 1514 quarn
584 1491 597 1507 ,
612 1461 757 1499 maxime
767 1474 784 1506 ,·
799 1459 844 1498 de
857 1472 938 1512 quo
954 1458 1042 1497 vide
1060 1458 1159 1498 Bud.
1177 1457 1401 1498 Comment.
1418 1472 1454 1510 p.
1472 1456 1558 1509 588.
1573 1457 1677 1498 Alibi
1695 1454 1746 1499 ὦς

470 1515 607 1555 dicitur
619 1513 844 1564 πλεονάζειν·
858 1513 932 1552 vid.
946 1512 1111 1553 eundem
1120 1542 1134 1559 ,
1148 1512 1189 1552 δι
1201 1512 1396 1553 Maittaire
1408 1514 1453 1552 de
1463 1511 1644 1552 Dialeffl.
1658 1525 1746 1567 pag.

471 1569 524 1621 76
540 1568 564 1607 f.
580 1569 728 1608 Rmz.

527 1625 598 1662 ead.
625 1624 649 1662 l.
675 1635 735 1661 10.
755 1620 974 1674 Ἑκάστοις)
1000 1622 1072 1660 W.
1101 1619 1269 1661 ἑκάστης
1279 1648 1293 1667 ,
1316 1619 1424 1675 quod
1444 1619 1570 1660 forsan
1596 1620 1745 1662 melius.

473 1676 632 1716 SOLAN.

529 1734 604 1770 ead.
620 1731 645 1768 l.
662 1742 677 1768 1
687 1744 721 1769 2.
729 1722 772 1768 “A
781 1727 868 1768 τινὰ
879 1743 936 1768 σοι
949 1727 1041 1782 alp.)
1056 1730 1171 1780 Quam
1179 1727 1593 1781 philosbphommseblam.
1602 1728 1747 1772 BROD.'

531 1787 605 1823 ead.
622 1785 643 1823 l.
662 1797 721 1833 14.
736 1781 958 1836 Καταθύεις)
970 1782 1073 1836 Lege
1088 1782 1264 1831 καταθὺῃ.
1277 1783 1417 1822 BROD.
1434 1782 1653 1823 Καταιθὺοις.
1667 1783 1747 1824 Or-

475 1838 548 1878 do:
563 1837 628 1877 καὶ
647 1836 811 1887 δυσιὰζῃ
825 1835 876 1886 τῷ
894 1836 995 1888 ‘anst
1015 1836 1274 1889 παρακαλεῖν,
1289 1837 1311 1877 i.
1331 1849 1362 1876 e.
1376 1836 1448 1876 ἓιέι
1459 1834 1528 1875 τοῦ
1538 1867 1550 1884 ,
1564 1849 1613 1876 ne
1627 1838 1748 1878 advo-

475 1903 565 1933 cato
577 1892 732 1946 quidem
747 1890 954 1931 sacerdote.
972 1890 1141 1931 GUYET.
1153 1889 1349 1940 Καταθύῃς
1362 1890 1417 1930 Μ.
1434 1889 1476 1929 ln
1488 1890 1670 1943 impreffis
1680 1906 1746 1932 κοι-

476 1945 628 1985 ταθύεις
641 1945 683 1985 &
694 1944 944 1995 παρακαλεῖν.
954 1944 1231 1986 (Ξοηίεὲὶωειιη
1243 1944 1406 1984 Marcilii
1419 1945 1525 1997 quod
1536 1946 1685 1993 attinet,
1697 1946 1748 1986 in-

478 1999 633 2053 geniosa
647 1998 722 2048 est;
736 1998 798 2038 sed
810 1998 838 2037 fi
852 1999 1013 2052 recipias
1025 2029 1035 2046 ,
1051 1998 1147 2051 lege‚
1166 2011 1256 2038 meo
1269 1998 1451 2051 periculo,
1466 2011 1545 2038 non
1561 1997 1643 2039 θέον
1655 2013 1746 2040 cum

480 2055 548 2094 illo
558 2085 570 2102 ,
581 2053 642 2093 sed
660 2053 763 2093 Σὲων.
778 2053 929 2092 Verum
942 2053 1075 2092 ultima
1086 2066 1168 2092 vox
1184 2053 1225 2091 in
1237 2053 1294 2092 M.
1308 2052 1349 2092 δι
1363 2052 1403 2091 Ρ.
1425 2064 1597 2105 reperta,
1615 2054 1747 2094 omnia

480 2108 662 2156 restituit3
677 2107 855 2161 quamvis
870 2107 908 2146 in
924 2107 991 2146 illo
1005 2106 1159 2160 quidem
1180 2120 1202 2146 a
1224 2108 1345 2160 prima
1363 2118 1480 2146 manu
1500 2119 1580 2146 non
1598 2106 1654 2147 sit.
1673 2108 1749 2148 So-

480 2174 580 2205 LAN.
593 2162 717 2209 Vide,
733 2160 761 2200 fi
775 2160 899 2206 lubet,
920 2174 1019 2212 quae
1037 2159 1148 2213 supra
1161 2161 1208 2202 de
1226 2160 1334 2200 fimili
1347 2160 1553 2201 modorum
1572 2160 1749 2202 differen-

481 2216 558 2263 tia,
571 2216 616 2255 ad
630 2229 714 2269 cap.
734 2230 784 2264 24
797 2215 913 2254 huius
927 2215 1028 2255 Dial.
1040 2215 1199 2264 notavi,
1211 2215 1277 2254 ubi
1290 2213 1468 2266 ὃιεξέλθοι
1481 2215 1545 2255 καὶ
1558 2213 1747 2269 &orthigr-

484 2285 554 2311 ται
569 2270 721 2323 legitur.
735 2269 880 2309 REITz.

541 2325 623 2363 ibid.
635 2323 705 2362 Καὶ
719 2322 898 2376 θυσιάζῃ)
911 2323 981 2363 Καὶ
994 2323 1148 2374 Βυσιάζῃ
1160 2322 1212 2371 τῷ
1219 2321 1314 2373 ¹und*
1326 2321 1422 2375 ἱερέα.
1431 2323 1516 2362 τινὰ
1526 2320 1601 2362 τῶν
1614 2336 1747 2376 με’γοι·

488 2378 675 2427 λομίσῧων
687 2377 943 2429 παρακαλεῖν,
956 2382 1008 2418 Et
1012 2377 1183 2429 sacrifices
1197 2392 1234 2416 eo
1245 2376 1338 2430 ipſs),
1351 2378 1441 2429 quod
1451 2391 1519 2415 non
1531 2379 1675 2416 advoces
1682 2376 1747 2429 fiz-

487 2432 636 2485 crf'ficum
649 2433 790 2488 aliquem
796 2431 980 2487 prett'csum
992 2431 1066 2473 δίε.
1076 2431 1147 2472 Sed
1158 2430 1310 2472 fortean
1321 2429 1394 2471 fuit
1402 2459 1415 2479 ,
1429 2430 1492 2472 noti
1503 2430 1659 2483 θυσιὰζῃ
1671 2430 1746 2481 3εῷ
