1768 3185
237 118 341 166 IN
410 117 1170 165 HERMOTIMUM.
1253 118 1337 182 381

74 216 145 246 ’της
160 205 296 259 φυλῆς.
309 206 474 246 VORST
487 205 660 258 Plerique
674 203 970 257 llbrl&1seM.
984 205 1350 257 pravehicqm-tpaoes

73 260 244 307 «habent,
262 259 560 311 omiffaliterap.
575 259 617 298 In
631 259 816 304 Scholiis,
826 259 871 297 B.
889 273 924 298 2.
934 257 1028 298 διδ.
1044 258 1146 298 reete
1164 258 1348 299 scribitur.

78 313 183 354 Vide
194 313 304 366 supra
315 317 400 364 Τιμ.
413 327 446 353 c.
465 326 528 364 25,
545 312 588 352 &
603 312 1349 366 infra'Exmt.c.4,ub11terumpeccant

74 365 354 421 libriplerique.
371 366 529 407 SOLAN.

130 423 205 460 ead.
222 422 247 460 l.
265 434 322 460 11.
337 423 430 472 Προς
441 435 528 460 ταις
541 418 849 474 πύλαις)(ἶοῐ]ἱ.
866 432 950 474 cap.
969 434 985 459 1
1006 420 1102 460 med.
1116 420 1163 460 de
1178 420 1352 460 Merced

74 474 192 514 cond.
211 475 279 514 bis.
296 473 454 514 SOLAN.

133 531 209 567 ead.
224 529 248 566 l.
268 541 324 567 12.
340 527 403 568 Ὡς
415 527 534 581 εὔγε)
549 528 604 567 Ex
620 527 721 568 Cod.
730 529 799 566 W.
816 540 888 580 pro
905 528 988 581 εἴγε
1001 528 1174 580 vulgato.
1190 528 1348 569 SOLAN.

79 581 124 621 Εἴ
133 582 423 646 γεμέμνημαι)
442 582 529 635 [lys
547 584 732 635 quaedam
747 582 827 621 edd.
847 581 1102 630 coniunctim,
1119 581 1179 622 sed
1193 584 1268 622 hoc
1283 596 1352 623 eo-

79 635 167 674 dem
183 636 288 675 redit.
301 633 365 676 Ὡς
378 637 466 687 elye
480 637 574 676 Flor.
587 637 643 676 ed.
656 636 818 682 habere,
835 635 935 676 refte
948 648 1151 675 notaverat
1167 636 1350 676 Solanus·
1341 667 1353 685 ,

77 687 235 752 sednon
256 688 343 728 satis
360 689 530 729 distincte
549 701 778 735 notaverat,
795 690 914 741 quid
907 702 945 728 in
959 691 1029 729 W.
1050 690 1262 744 legeretur,
1283 704 1352 730 ve-

79 756 169 783 rum
184 741 275 796 εὖγε
291 742 404 796 supra
422 744 506 797 elye
525 743 798 784 collocaverat.
814 743 857 783 In
872 754 967 783 nota
981 754 1109 783 tamen
1126 757 1215 784 ecce
1228 745 1353 784 decla-

82 807 164 843 rat,
178 797 271 850 quid
295 796 483 837 voluerit.
502 796 563 837 sed
579 797 638 836 fi
629 810 704 836 iam
726 798 764 836 in
783 797 854 837 isto
870 797 968 837 Cod.
989 798 1079 851 sii-ys
1104 797 1256 850 legitur,
1272 811 1353 838 non

82 861 211 890 tamen
227 850 327 890 illico
343 850 394 890 s1c
416 852 588 899 ederem,
609 850 669 891 sed
686 865 777 904 era-ys
798 851 927 890 saltem
948 850 1172 899 scriberem,
1194 863 1354 905 tumque

81 904 185 943 illam
195 904 401 944 lectionem
412 918 488 958 ego
498 904 589 945 sane
600 918 680 945 non
690 904 920 959 spernerem,
935 917 1022 945 cum
1037 918 1084 944 ex
1097 904 1198 958 seqq.
1213 918 1354 959 pateat,

82 957 299 998 Lucianum
312 971 393 999 non
405 959 624 998 dubitanter
647 958 780 1020 loqui,
795 959 920 1012 (quod
944 972 1010 1012 per
1028 959 1108 1012 εἴγε
1133 969 1263 999 tamen
1286 959 1355 1000 fie-

81 1012 161 1065 ret)
179 1011 240 1052 sed
252 1025 320 1059 ea,
334 1025 434 1065 quae
445 1013 577 1077 probe
580 1013 814 1056 meminerit
831 1026 996 1053 narrare.
1012 1013 1157 1052 Rfiirz.

138 1066 232 1127 Pag.
249 1068 346 1119 31.l.
361 1081 397 1116 7.
416 1066 543 1105 Καιτὶ
559 1066 774 1117 ἁλινταρὲς)
790 1064 1003 1119 Αὗχμηρὸν.
1016 1067 1121 1107 Suid.
1140 1069 1269 1119 Guyet.
1283 1067 1355 1108 Sed

84 1120 178 1173 quia
192 1120 330 1160 aliam
323 1133 395 1159 1am
412 1120 617 1162 leffionem
641 1120 852 1170 habemus,
874 1122 972 1161 hac
963 1122 1279 1175 interpretatione
1299 1124 1356 1161 ni-

82 1174 137 1213 hil
150 1186 250 1228 opus
261 1174 486 1214 est.R1-:1Tz.

140 1229 220 1268 ibid.
235 1229 418 1281 Λιπαρὲς)
433 1228 539 1269 Dicit
552 1228 763 1277 Ludanus,
777 1227 805 1268 fi
819 1229 907 1282 quis
918 1229 955 1268 in
969 1228 1068 1268 illam
1084 1228 1284 1272 beatorum
1302 1230 1356 1269 ci-

84 1281 244 1322 vitatem
264 1283 358 1323 velit
377 1281 551 1331 adscisci,
563 1284 601 1322 ei
622 1281 794 1324 sufficere
815 1283 971 1330 σύνεσιν,
990 1298 1053 1323 και
1069 1282 1266 1332 ἐστιθυμιαν
1282 1283 1358 1323 τὴῑιι

86 1347 227 1383 tamor,
245 1351 310 1375 και
324 1336 444 1385 πόνον,
465 1351 530 1376 και
551 1339 593 1376 το
610 1336 808 1388 ἀλιπαρὲς,
823 1351 889 1376 και
907 1340 950 1374 τὸ
962 1352 1015 1387 μη
1032 1335 1212 1378 ἑνέοῦνειι.
1226 1338 1357 1377 Verti-

85 1401 173 1430 tur:
190 1391 410 1443 inteIIIgentia
420 1391 569 1444 polleat,
584 1391 766 1442 cupiditate
780 1406 886 1430 rerum
900 1391 1107 1444 honestarum
1126 1402 1290 1439 teneatur,
1303 1392 1358 1430 la-

85 1445 197 1484 borem
212 1445 248 1484 δ’
259 1446 467 1485 macritatem
482 1460 549 1483 non
564 1447 731 1493 detrcl‘let,
747 1461 814 1484 non
827 1447 881 1483 det
895 1456 1033 1497 tergum.
1054 1444 1184 1483 Primo
1197 1446 1356 1483 mneritas

88 1498 295 1538 barbarum
309 1498 381 1538 est:
396 1499 517 1538 Latini
529 1497 700 1538 dixiffent
715 1499 849 1546 macies,
863 1497 927 1538 seu
941 1498 1137 1538 macritudo.
1152 1497 1253 1538 Dein
1269 1498 1358 1537 licet

89 1552 271 1592 Latinum
292 1552 406 1599 effer,
427 1553 524 1618 quid
541 1552 602 1592 hic
622 1553 761 1593 macies
778 1552 868 1592 facit
889 1552 963 1592 ad
956 1564 1016 1592 ius
1034 1553 1204 1591 civitatis
1223 1551 1358 1592 conse-

88 1607 310 1659 quendum?
327 1604 399 1645 Ms.
445 1619 491 1646 ro
506 1606 690 1659 ἀλιπαρὲς
708 1605 835 1648 scribit
852 1605 1026 1659 λιπαρὲς,
1040 1606 1080 1646 δι
1098 1604 1149 1645 s1c
1167 1605 1246 1646 fine
1264 1619 1359 1646 con-

89 1660 280 1701 troversia
296 1621 443 1714 scripill
462 1660 664 1700 Lucianus.
687 1662 851 1729 Λιπαρὲς
863 1659 918 1699 est
932 1623 1146 1706 affiduitas,
1166 1658 1360 1701 familiaris

58 1735 61 1737 >
89 1714 360 1762 Lucianiv01,
371 1727 487 1768 quam
496 1727 584 1754 cum
594 1713 646 1764 τῷ
653 1713 751 1764 ’τόνῳ
763 1727 844 1755 non
857 1713 989 1754 semel
983 1714 1113 1753 iunxit.
1117 1715 1361 1754 Vertendum

92 1779 224 1808 autem
237 1798 248 1817 ,
257 1767 415 1822 sufficit
402 1769 593 1822 mgenium,
606 1769 791 1829 cupiditas
794 1785 898 1808 rerum
910 1769 1139 1821 honestarum,
1160 1769 1267 1815 labor,
1284 1770 1360 1820 cffi-

91 1823 223 1870 duitas,
239 1839 307 1862 non
326 1836 451 1876 tergum
465 1826 567 1869 dare,
587 1821 635 1862 sc.
650 1823 696 1861 ad
716 1822 914 1862 civitatem
933 1821 1260 1875 consequendam,
1283 1822 1359 1863 hoc

91 1876 166 1922 est,
179 1889 258 1916 non
269 1877 393 1920 viam
410 1877 475 1915 cui
496 1887 535 1915 te
549 1876 712 1925 dederis,
733 1876 911 1916 deserere.
927 1875 1100 1916 GRAEV.
1116 1875 1290 1916 Graevio
1304 1875 1362 1915 as-

91 1929 258 1970 sentiens
269 1930 431 1970 mutavi.
445 1929 483 1969 P.
496 1930 609 1970 etiam
621 1941 791 1980 λιπαρες,
801 1930 864 1970 &⁴
857 1943 894 1969 in
909 1930 964 1969 Μ.
978 1930 1084 1982 quod
1097 1930 1222 1983 primo
1233 1928 1359 1970 fuerat

94 2000 138 2032 a,
149 1983 297 2024 erasum
309 1983 373 2024 est.
388 1982 544 2023 δοῖ-ΑΝ.
559 1982 661 2023 Cum
676 1995 794 2035 λιπαρ
796 1987 834 2024 ὃς
847 1983 892 2023 sit
904 1998 1023 2023 curata
1035 1986 1112 2023 hene
1120 1984 1204 2035 pelle
1215 1984 1261 2022 ni
1254 1985 1359 2030 idus,

94 2037 222 2078 lautus
235 2038 276 2079 &
290 2037 429 2078 unctus
441 2038 583 2085 homo;
598 2037 749 2077 videtur
761 2050 841 2078 non
856 2038 954 2077 male
971 2038 1045 2078 huc
1064 2038 1300 2083 convenire
1317 2051 1360 2080 ut

94 2094 141 2131 το
155 2092 339 2144 ἀλιπαρὲς
355 2104 401 2132 ea
420 2091 466 2131 fit
482 2093 626 2138 virtus,
640 2104 741 2144 quae
755 2105 837 2132 non
857 2092 975 2132 modo
997 2105 1123 2145 aequo
1140 2092 1270 2132 animo
1292 2092 1361 2132 inis

96 2146 214 2186 rebus
231 2157 383 2195 careat,
397 2145 459 2186 sed
480 2146 616 2193 etiam,
631 2145 699 2184 ubi
712 2147 824 2199 copia
837 2145 904 2193 fit,
921 2158 986 2186 eas
1003 2157 1246 2193 contemnat,
1262 2144 1360 2185 sicca

95 2200 222 2240 virtus
236 2201 278 2241 &
289 2199 435 2248 sobria,
449 2199 598 2240 austera
612 2200 749 2251 magis,
765 2200 898 2241 tetrica
913 2212 958 2240 ac
969 2200 1079 2246 dura,
1097 2210 1212 2252 quam
1226 2199 1362 2239 delica-
1393 2248 1397 2252 4

96 2264 158 2300 ta,
174 2253 320 2300 mollis,
337 2265 453 2306 atque
475 2254 759 2294 commoditatis
775 2252 939 2294 studiosa
959 2254 1036 2294 ἃς.
1047 2254 1197 2293 Verum
1216 2252 1362 2294 facilius

97 2307 216 2360 longe
220 2307 283 2403 eg
291 2311 336 2346 τδ
350 2307 524 2361 λιπαρὲς,
537 2321 559 2348 a
574 2306 751 2348 Graevio
765 2308 980 2361 prolatum,
996 2308 1019 2346 i.
1034 2321 1068 2348 e.
1082 2310 1146 2362 aff
1143 2309 1271 2354 ductas,
1285 2323 1363 2347 cor.-

89 2362 218 2423 flantia
286 2373 373 2401 εςΝ.

152 2415 199 2454 ibi
192 2418 235 2457 d.
244 2415 430 2458 Ἐνὸοὗιοιι
449 2414 544 2468 μηδ
535 2430 550 2455 ε
569 2415 885 2468 μαλακισῖῑιέιαι)
905 2414 1108 2458 ’Evsaohm
1122 2415 1363 2457 retroceden-
