1841 3180
503 210 594 273 498
703 196 1578 254 ANNOTATIONES

501 300 564 339 hic
582 299 704 339 allatis
723 297 961 340 observatur.
994 295 1134 336 Noster
1153 306 1282 335 tamen
1306 296 1476 349 ἰητρικὴν,
1497 308 1576 336 non
1596 293 1772 348 tnrpa‘nv:

501 367 590 394 cum
607 354 738 393 [onice
754 352 896 399 scribit,
913 362 1040 390 vocat.
1058 351 1145 388 Vid.
1161 356 1245 402 Συρ.
1257 362 1292 388 c.
1309 350 1365 389 18.
1382 350 1540 390 SOLAN.
1554 349 1679 402 Quod
1697 351 1769 390 So-

501 408 611 448 lanus
624 420 703 447 non
718 406 896 452 coniecit,
912 404 971 444 sed
985 403 1086 444 recle
1098 403 1207 450 vidit,
1217 403 1349 443 Ionica
1363 403 1525 444 dialeao
1539 403 1615 444 hoc
1627 405 1770 444 vocab.

500 462 739 501 scribendum
752 491 763 507 ‚
784 460 818 498 id
841 460 937 498 adeo
957 471 1096 497 verum
1115 457 1193 503 est,
1212 468 1255 497 ut
1278 456 1347 496 Ms.
1366 470 1414 498 ne
1427 457 1583 511 quidem
1599 458 1768 512 indigea-

500 528 611 555 mus:
640 527 759 567 quare
773 513 808 552 id
823 513 953 552 invitis
964 512 1044 552 edd.
1064 512 1204 564 recepi.
1229 511 1376 550 Rmz.

555 572 628 607 ead.
650 570 673 606 l.
699 581 712 606 1
726 581 756 606 1.
779 566 1021 618 Zvvnpcb‘tnce
1039 565 1125 605 τοὺς
1142 564 1530 619 ἀναγιγνώσκοντας)
1554 564 1768 605 Dialefflce

503 635 594 662 cum
614 621 820 662 lecloribus
834 619 1064 667 differtavit3
1087 630 1130 658 ut
1144 620 1196 659 cis
1210 632 1343 671 pauca,
1363 621 1468 658 ἀλλὰ
1481 621 1766 671 συνηρωτημένα,

500 677 565 715 καὶ
580 675 795 728 συνηγμένα
808 673 975 723 uanam.
993 674 1066 714 Sed
1078 672 1273 713 dialectice
1284 674 1518 727 interrogata
1528 672 1767 728 collectaque

500 729 699 770 etiamilla.
719 729 908 768 MARCIL.

558 784 649 837 Pag.
675 796 687 820 ι
697 781 759 821 80.
774 783 796 821 I.
811 796 847 833 7.
855 782 900 820 ’Ὴ
916 778 1025 821 αὖτὶν
1040 780 1176 833 εἰπεῖν)
1187 779 1354 820 Facessat
1367 780 1458 820 illud
1472 780 1635 832 μᾶλλον,
1658 781 1768 835 quod

501 835 591 876 Pell.
605 837 763 876 intrudit
772 867 786 882 ,
804 837 842 875 in
855 836 934 875 aliis
947 834 1070 874 Codd.
1083 835 1123 874 &
1137 835 1219 874 edd.
1232 844 1360 874 autem
1375 834 1514 875 rectius
1527 834 1630 875 abest
1641 865 1655 882 ‚
1675 847 1768 875 cum

501 890 587 931 satis
601 904 667 944 per
681 890 717 930 se
731 891 894 950 elliptice
907 889 1062 941 intelligi
1077 887 1220 935 soleat,
1233 900 1276 928 ut
1287 890 1326 927 in
1340 889 1487 947 Qvang.
1501 889 1598 929 Luc.
1609 889 1745 930 XVIII
1758 919 1770 938 ,

509 959 557 993 14
569 975 580 993 ‚
603 945 747 990 κατέβη
769 948 875 984 αὐτος
889 942 1181 993 δεδικαιωμένος
1194 942 1248 982 εἰς
1267 944 1328 982 τὸν
1344 946 1440 983 οἰκον
1454 939 1571 982 αὑτοῦ
1591 943 1610 984 ἦ
1625 942 1769 983 ἐκεῖνος.

503 999 566 1038 Ad
581 1011 683 1051 quae
705 999 827 1038 verba
849 997 958 1051 plura
973 997 1014 1036 L.
1027 997 1118 1036 Bos.
1135 995 1252 1036 Conf.
1276 1009 1350 1036 nos
1367 995 1481 1050 supra
1502 997 1549 1036 ad
1568 996 1671 1036 Dial.
1694 1010 1769 1050 pro

503 1053 612 1105 Laps.
634 1066 665 1092 c.
685 1066 729 1091 12
743 1083 755 1098 ,
777 1052 842 1091 ubi
860 1050 1006 1102 μᾶλλον
1021 1051 1136 1090 etiam
1152 1050 1237 1103 post
1247 1050 1329 1090 ὅσον
1342 1050 1467 1090 omitti
1482 1049 1601 1091 solere
1615 1051 1772 1090 notavi·

504 1120 606 1155 mus,
620 1105 796 1146 &forsan
807 1104 1234 1159 pluribusindicabimus
1247 1103 1334 1158 infr7
1344 1104 1390 1144 ad
1398 1104 1499 1145 Gall.
1509 1117 1541 1145 c.
1555 1104 1614 1144 18.
1625 1105 1770 1145 REITZ.

559 1164 634 1201 ead.
649 1161 672 1199 l.
688 1160 724 1199 8.
736 1157 1057 1212 Ἀμννμονεῦσαι)
1081 1157 1233 1198 Citatur
1243 1171 1264 1198 e
1275 1158 1430 1199 Laertio
1440 1160 1484 1197 τὶ)
1503 1159 1771 1209 ἀμνημονεὺειν.

505 1214 674 1256 GUYET.
697 1215 973 1266 Ἀμνυμονεὺειν
985 1212 1121 1252 eodem
1143 1211 1250 1253 sensu
1271 1213 1364 1252 dixit
1375 1213 1504 1253 Laert.
1518 1213 1624 1265 quod
1636 1225 1710 1266 ego
1725 1214 1779 1253 ad-

505 1269 702 1309 Laenium
716 1268 936 1308 observavi.
951 1267 1160 1307 Immemoria
1175 1266 1346 1306 similiter
1359 1280 1432 1320 pro
1442 1266 1644 1307 oblivione
1662 1266 1772 1307 usur-

505 1324 615 1376 pavit
629 1322 857 1375 Papinianus
869 1322 893 1361 1.
907 1336 959 1372 44
971 1321 1017 1361 de
1031 1321 1262 1375 acquirenda
1275 1321 1337 1360 vel
1350 1320 1553 1361 amittenda
1574 1319 1772 1374 poffeffio·

508 1390 557 1416 ne
571 1393 579 1417 ε
594 1391 725 1430 peregre
735 1375 944 1428 profhc‘lurus
954 1376 1131 1428 pecuniam
1144 1376 1180 1413 in
1192 1387 1295 1424 terra,
1307 1376 1470 1429 custodiae
1482 1374 1603 1427 causa,
1614 1378 1771 1415 condide-

509 1445 584 1470 rat:
599 1447 673 1471 cum
687 1431 838 1483 reversus
851 1431 960 1470 locum
974 1429 1121 1481 thefizuri
1139 1430 1341 1469 immemoria
1355 1446 1424 1470 non
1438 1441 1603 1482 repeteret,
1612 1444 1658 1468 an
1671 1431 1738 1482 defi
1753 1449 1773 1461 -

500 1486 556 1538 fit
563 1486 740 1539 pecuniam
749 1487 912 1538 poffidere.
932 1482 1414 1533 MENAGJAanvon-aea
1430 1495 1510 1523 non
1530 1483 1771 1524 oblivionem

507 1540 568 1578 hic
584 1537 783 1591 fignificat,
802 1550 844 1578 ut
855 1539 942 1577 viro
953 1536 1106 1577 summo
1119 1536 1257 1577 visum.
1277 1537 1348 1577 Sed
1361 1537 1460 1577 verti
1473 1536 1699 1585 necessario,
1713 1539 1772 1578 uti

507 1592 667 1634 fecimus
677 1622 690 1639 ,
704 1593 826 1632 debet.
841 1593 895 1633 V.
909 1592 1022 1644 Ὀρχ.
1036 1604 1069 1631 c.
1084 1604 1149 1638 20,
1162 1592 1230 1630 ubi
1241 1592 1398 1644 quidem
1411 1591 1625 1642 &mnfaeove‘w
1639 1591 1712 1640 est,
1727 1603 1771 1632 ut

509 1647 550 1687 ἃ
567 1647 668 1699 apud
679 1646 858 1699 Thucyd.
871 1645 938 1692 111,
948 1659 1012 1693 40.
1026 1645 1081 1684 At
1093 1645 1153 1685 hic
1167 1646 1269 1698 apud
1279 1646 1488 1686 Lucianum
1499 1645 1637 1685 eodem
1651 1646 1772 1687 modo

507 1700 732 1753 usurpatum
748 1702 852 1740 vides
865 1699 1109 1752 ἁμνημονεὺω.
1128 1699 1173 1738 In
1183 1701 1254 1740 W.
1265 1710 1391 1740 tamen
1403 1698 1659 1752 ἀμνημονῆσαι
1673 1701 1774 1754 Iegi-

504 1767 580 1795 tur.
599 1755 756 1794 SOLAN.
1724 1785 1728 1788 .

563 1812 635 1846 ead.
652 1810 675 1846 l.
689 1810 923 1861 9.”Ερχομαι
938 1807 1037 1860 ἐρέων
1050 1806 1133 1861 περὶ
1145 1806 1346 1861 Ῥωμαίων)
1365 1807 1455 1848 Vid.
1466 1807 1657 1848 Herodot.
1675 1807 1712 1859 Ι,
1724 1807 1770 1858 8,

509 1862 620 1908 &IL
648 1863 733 1902 161.
758 1863 916 1902 SOLAN.
1775 1890 1777 1892 -

561 1919 635 1955 ead.
648 1917 670 1954 I.
687 1928 701 1955 1
714 1930 745 1955 1.
759 1914 929 1968 Ὀσρόης)
948 1914 1011 1955 De
1024 1915 1099 1955 hoc
1112 1915 1189 1954 vid.
1203 1926 1285 1954 not.
1301 1914 1427 1955 Solani
1438 1928 1521 1968 cap.
1533 1913 1609 1969 seq.
1627 1915 1770 1956 Rmz.

562 1974 635 2009 ead.
656 1972 680 2009 l.
698 1984 756 2009 12.
768 1969 937 2022 ”Ομοιος)
963 1970 1069 2009 Ante
1091 1969 1188 2008 hanc
1210 1969 1418 2009 dictionem
1432 1969 1485 2009 est
1504 1966 1582 2021 οὐχ
1597 1970 1634 2008 in
1651 1971 1769 2023 Angl.

508 2023 607 2064 Cod.
623 2022 813 2064 mendose.
836 2024 1008 2063 Romu).
1031 2019 1121 2075 Οὐχ
1134 2023 1214 2076 ὁμ.)
1233 2024 1281 2063 A.
1296 2023 1337 2063 δι
1350 2023 1388 2063 Ρ.
1403 2023 1448 2062 In
1463 2022 1646 2075 impreffis
1663 2024 1778 2064 nihil.'

507 2078 652 2118 Forsan
664 2077 855 2131 scripserat
867 2078 1070 2126 Luvcianus,
1092 2076 1140 2116 ὣς
1152 2076 1211 2129 ὃμ.
1229 2078 1335 2131 quod
1346 2077 1481 2117 eodem
1498 2078 1591 2117 redit
1601 2106 1611 2124 ‚
1627 2077 1667 2116 δι
1680 2077 1783 2124 faciq.

508 2133 545 2171 le
556 2145 578 2171 a
590 2132 744 2171 librario
754 2131 838 2185 post
851 2130 933 2183 ὁρᾷς
947 2131 1124 2171 omiffum
1139 2129 1263 2171 fuerit.
1287 2131 1444 2172 SOLAN.
1467 2131 1558 2171 Non
1576 2131 1627 2170 ita
1641 2131 1772 2172 absur-
1818 2161 1826 2182 x

507 2187 554 2225 da
569 2185 620 2226 est
642 2186 757 2225 leffio
769 2185 896 2226 Codd.
915 2182 994 2237 οὐχ
1016 2184 1259 2225 inserentium
1273 2216 1285 2232 ‚
1301 2197 1343 2225 ut
1358 2185 1502 2225 Bourd-
1522 2187 1771 2237 pronuntiat,
1823 2189 1825 2205 ³

507 2239 631 2293 potest
643 2241 742 2279 enim
759 2239 1016 2292 interrogandi
1030 2252 1138 2279 more
1149 2240 1272 2291 accipi
1287 2252 1297 2278 ε
1323 2252 1411 2278 nam
1421 2240 1580 2291 vulgata
1593 2239 1681 2279 hiat.
1698 2238 1785 2280 Sed?
1804 2230 1827 2290 f

510 2295 637 2333 malim
651 2289 696 2333 ὣς
712 2293 831 2343 ὅμοιος
844 2294 989 2345 legere,
1006 2291 1173 2333 formula
1185 2294 1223 2332 in
1236 2294 1293 2332 his
1307 2292 1547 2333 ufitatiffima.
1567 2293 1716 2332 ΚΕΗ-Ζ.
1822 2299 1825 2304 ”

562 2349 651 2401 Pag.
669 2347 755 2386 181.
771 2349 793 2386 l.
808 2348 844 2386 6.
862 2347 1002 2400 Γοργὼν
1018 2347 1080 2386 ἐπὶ
1095 2346 1163 2386 τοῦ
1177 2345 1371 2401 ὀμφαλοῦ)
1396 2347 1453 2387 Ex
1475 2347 1583 2387 initio
1601 2346 1705 2386 Iliad.
1719 2354 1747 2385 A
1755 2377 1771 2396 ‚
1816 2364 1817 2368 ¹

507 2401 572 2440 ubi
581 2401 887 2454 Agamemnonis
897 2402 1059 2454 clypeus
1067 2400 1117 2441 stc
1128 2400 1537 2442 describitur.GRAEv.
1548 2400 1637 2440 Vid.
1649 2401 1783 2442 Hom'.v
1816 2416 1817 2420 ¹

511 2455 910 2506 11.A,36,&E‚741.
934 2456 1093 2495 SOLAN.
1814 2496 1815 2499 ,

562 2511 638 2548 ead.
659 2509 681 2548 l.
701 2522 738 2561 7.
762 2509 831 2550 Καὶ
848 2509 935 2562 ζώνη
950 2508 1144 2563 ἰριοειέῖις)
1168 2508 1284 2562 Angl.
1298 2505 1466 2561 ipceasrif.
1496 2508 1668 2549 BOURD.
1694 2506 1779 2550 Ms..
