1841 3180
501 136 596 183 444
695 118 1627 169 ANNOTATIONE'S'

500 211 682 264 permittit
694 223 844 266 tempus
859 225 942 251 eam
956 211 1144 264 exemplis
1163 210 1366 250 adstruere.
1383 210 1468 250 Alia
1486 212 1585 250 enim
1602 209 1777 266 enallage
1808 247 1809 250 ,

499 265 554 304 est
568 267 660 305 haec
673 266 940 319 Aristophanis
954 265 1051 304 Plut.
1070 278 1163 315 527:
1179 287 1224 294 —
1237 261 1316 316 οὐχ
1334 262 1427 316 ἕξεις
1441 265 1518 304 οὔτ’
1539 267 1574 304 ἐν
1588 266 1687 316 κλίνῃ
1705 279 1779 305 και·
1808 260 1810 267 ’

501 320 715 372 ταὲαρθεῖϋ,
728 317 766 359 οὗ
779 322 861 370 ’γᾶς
873 318 1034 359 ἔσονται·
1050 320 1136 357 Non
1154 319 1265 358 licebit
1275 320 1333 357 tibi
1345 321 1381 357 itz
1399 320 1513 358 leHulo
1531 319 1690 366 dormire,
1707 335 1777 359 non
1821 322 1841 352 TU

500 374 586 413 enim
599 386 709 420 erunt,
723 373 818 426 (scil.
831 372 947 425 leffi).
964 372 1110 424 Evang.
1126 372 1218 412 Luc.
1228 373 1282 420 V,
1299 388 1322 420 4
1333 402 1344 419 ,
1356 372 1592 426 ἐπανάγαγε
1605 371 1641 412 ἒς
1654 375 1697 412 τὶ
1711 372 1781 419 {302-
1823 371 1840 418 gl

499 427 574 473 Θος,
595 429 658 466 καὶ
680 427 904 479 χαλάσατε
924 428 977 465 τὰ
993 425 1137 465 δίκτυα
1152 423 1262 476 ὑμῶν.
1281 427 1327 465 Et
1348 425 1497 465 Aelian.
1510 427 1604 466 Var.
1619 426 1718 466 Hist.
1736 425 1780 476 1,
1823 422 1841 459 dl

503 496 541 528 4.
554 480 737 520 Ceterum
754 481 813 520 hic
833 493 993 533 quoque
1015 478 1288 528 observemus,
1312 492 1392 519 non
1411 479 1558 534 semper
1577 481 1618 520 in
1641 479 1780 521 tabulis
1824 475 1841 514 d?

502 533 662 587 pinxisse
686 546 856 580 veteres,
882 533 942 572 sed
965 534 1078 574 etiam
1100 533 1264 586 pivSiuras
1289 535 1324 573 in
1347 535 1567 574 membrana
1586 533 1783 575 coloribus
1826 531 1841 568 Εἴ

501 601 606 640 aqua
619 598 693 627 tem
701 589 840 640 peratis
855 586 984 627 facias.
1001 588 1115 640 Quin
1131 588 1220 627 &in
1237 588 1358 627 linteo
1370 589 1529 640 pingere
1543 598 1681 628 notum
1697 587 1784 628 fuis-

500 640 539 679 se
552 652 728 695 tempore
742 641 863 689 Plinii,
885 642 963 681 vid.
980 655 1040 695 ap.
1059 641 1177 695 ipsum
1190 641 1254 680 lib.
1275 642 1444 688 XXXV,
1459 655 1491 682 c.
1504 656 1541 688 7.
1557 641 1685 694 Quod
1697 655 1781 683 non
1830 650 1841 695 1]

501 695 638 743 miror,
651 709 741 735 cum
755 696 800 736 de
815 695 919 735 libris
931 696 1057 736 linteis
1068 725 1078 741 ,
1096 695 1133 736 se
1146 696 1269 735 multo
1282 696 1584 749 antiquioribus,
1597 696 1670 735 iam
1684 695 1786 737 fece·
1830 694 1841 753 lj

502 749 551 787 rit
567 751 804 790 mentionem
818 750 966 790 Livius.
977 751 1141 790 Veteres
1155 751 1395 802 autem‘aqua
1406 759 1558 789 tantum
1569 779 1581 798 ,
1599 763 1678 790 non
1690 750 1783 791 oleo
1832 762 1841 787 a·

502 805 727 856 temperatis
748 804 949 844 coloribus
966 803 1079 849 usos,
1100 804 1150 843 ait
1166 803 1348 844 eruditiss.
1362 804 1599 852 Alkemade‚
1614 805 1652 843 in
1672 804 1786 845 Prae·
1833 798 1841 839 ἒ

502 856 570 896 fat.
595 858 641 897 ad
664 859 776 898 Melis
795 858 916 898 Stoke
932 858 1233 910 Rym-Kronyk
1247 889 1258 906 ,
1275 857 1579 910 methodumque
1594 858 1685 898 oleo
1703 859 1787 912 pin·
1836 868 1841 907 1

503 912 617 964 gendi
631 925 734 953 anno
747 913 901 952 demum
916 912 1053 951 Christi
1072 925 1171 961 1410
1186 913 1233 952 ab
1248 912 1380 952 Isaaco
1401 924 1479 951 van
1491 912 1561 951 Eik
1584 912 1784 953 inventam
1837 926 1841 949 ι

503 966 629 1005 docet.
646 966 702 1005 At
712 966 918 1019 quomodo
931 979 1076 1020 aqueae
1088 965 1178 1006 istae
1189 966 1359 1019 piAEhirae
1375 967 1474 1006 aeris
1487 994 1498 1013 ,
1516 979 1639 1021 aquae
1652 965 1788 1015 salsae,
1838 979 1841 1002 1

502 1019 545 1058 δε
567 1020 745 1060 imbrium
766 1021 922 1061 iniurias
936 1019 1034 1060 ferre
1060 1022 1262 1074 poterant?
1283 1019 1443 1060 PiEiuris
1461 1020 1562 1060 enim
1576 1031 1730 1061 ornatas
1746 1021 1790 1061 ὅτ.

503 1074 707 1114 coloribus
719 1076 886 1114 variatas
899 1074 1006 1114 fuiffe
1018 1088 1137 1114 naves
1150 1105 1162 1121 ,
1175 1076 1331 1123 ianuas,
1345 1074 1525 1128 clypeos,
1541 1087 1678 1115 currus
1691 1076 1732 1115 &
1746 1074 1789 1114 fi·

502 1127 629 1176 milia,
647 1128 806 1168 testatur
818 1129 910 1168 Plin.
927 1130 1063 1169 eodem
1078 1142 1100 1168 c
1114 1143 1151 1179 ‚7
1165 1130 1206 1168 ἃ
1220 1129 1294 1182 seq.
1309 1128 1425 1169 eiusd.
1440 1128 1525 1168 libr.
1541 1141 1585 1182 35
1599 1143 1611 1177 3
1627 1130 1733 1182 quod
1746 1129 1791 1170 &

504 1181 565 1220 alii
580 1182 757 1223 auetores
771 1183 971 1223 testantur.
989 1184 1035 1223 Et
1049 1184 1253 1236 quomodo
1270 1184 1316 1223 ad
1333 1183 1444 1236 plura
1459 1181 1584 1222 secula
1607 1183 1791 1236 perdura-

503 1236 598 1274 bant
610 1238 726 1276 etiam
742 1236 810 1276 sub
825 1249 926 1276 terra
946 1238 1129 1277 inventae
1147 1238 1302 1277 tabulae
1328 1237 1470 1291 piciae,
1490 1249 1533 1276 ut
1557 1238 1710 1277 colores
1723 1238 1790 1278 ad-

503 1290 581 1330 huc
597 1290 773 1344 distingui
796 1292 1018 1343 potuerint?
1038 1292 1159 1331 veluti
1174 1292 1233 1331 illa
1250 1292 1518 1344 nymphaeum
1533 1290 1725 1338 referens,
1741 1292 1789 1333 de

503 1357 583 1397 qua
601 1345 678 1384 vid.
702 1345 889 1386 Holstenii
912 1345 1178 1385 Commentar.
1201 1346 1238 1384 in
1252 1345 1366 1386 Thes.
1384 1345 1531 1386 Graev.
1547 1345 1599 1392 T,
1615 1345 1684 1394 IV,
1701 1359 1790 1400 pag.

508 1398 622 1438 1800.
636 1400 887 1453 Tegebantur
899 1401 1042 1453 quippe
1059 1401 1136 1440 udo
1155 1401 1321 1440 te&orio
1337 1399 1403 1453 (de
1418 1412 1500 1453 quo
1513 1400 1590 1439 vid.
1602 1400 1791 1455 Vitruv.)

504 1452 547 1492 δέ
562 1453 867 1494 incrustabantur
880 1453 1070 1507 pellucido
1082 1468 1132 1494 ex
1144 1455 1291 1507 gummi
1305 1467 1350 1494 ac
1364 1453 1493 1494 resmis
1509 1452 1692 1494 confe&o
1704 1454 1786 1507 glu-

503 1508 596 1555 tine,
612 1509 675 1547 vel
690 1509 959 1557 inurebantur,
977 1510 1056 1548 vid.
1073 1509 1164 1548 Plin.
1179 1522 1212 1548 c.
1228 1508 1283 1548 XI
1299 1508 1385 1548 libri
1399 1507 1485 1548 dieti
1502 1521 1559 1561 pr.
1578 1507 1622 1548 δι
1641 1508 1706 1548 fin.
1725 1521 1790 1549 ca-

504 1561 617 1613 pitis,
636 1563 742 1615 quod
765 1564 962 1602 vocabant
984 1565 1020 1603 in
1040 1564 1221 1616 encaustice
1240 1563 1400 1617 pingere,
1423 1562 1534 1602 cuius
1551 1561 1630 1602 duo
1645 1561 1788 1603 fuerint

504 1628 668 1667 genera,
686 1632 782 1666 cera,
798 1618 833 1656 ἃ*
847 1619 883 1657 in
897 1619 1011 1665 ebore,
1030 1620 1149 1671 cestro.-
1165 1630 1210 1656 ac
1231 1620 1385 1657 tertium
1404 1615 1612 1666 acceffiffe,
1629 1617 1787 1668 refialutis

505 1671 579 1721 igni
592 1671 675 1711 ceris
683 1673 843 1725 penicillo
857 1672 973 1710 utendi
981 1687 996 1719 ,·
1013 1687 1097 1725 quae
1105 1672 1237 1724 pidum
1249 1672 1286 1711 in
1300 1672 1448 1710 navibus
1461 1686 1519 1710 nec
1526 1670 1603 1721 fi>le
1612 1702 1624 1719 ,
1637 1687 1696 1711 nec
1714 1672 1791 1722 sizle

505 1724 679 1777 ventisque
695 1726 929 1780 corrumpitur.
944 1727 1095 1766 Verum
1109 1739 1197 1766 cum
1211 1724 1363 1765 λήκυθος
1380 1725 1561 1764 oleariam
1579 1725 1788 1778 ampullam

503 1779 662 1831 proprie
685 1779 920 1833 significans,
950 1780 1062 1820 etiam
1084 1793 1157 1833 pro
1180 1778 1269 1819 vase
1292 1779 1549 1833 pigmentario
1568 1778 1789 1820 inveniatur

506 1831 730 1886 usurpatum
742 1864 754 1880 ,
772 1834 813 1873 δι
825 1834 956 1874 oleum
977 1835 1082 1874 cedri
1104 1835 1326 1887 incorrupta
1347 1846 1371 1872 a
1384 1833 1585 1873 vermibus
1597 1832 1789 1886 praestare

504 1886 609 1939 ligna
622 1887 663 1927 ὅτ.
677 1888 773 1927 ebur
791 1887 971 1929 sciverint
984 1899 1150 1937 veteres,
1165 1888 1279 1941 idque
1292 1901 1361 1928 eos
1375 1888 1416 1927 in
1428 1886 1517 1927 usus
1530 1886 1792 1937 adhibuerint,

505 1942 671 1988 mirum,
696 1955 765 1981 cur
787 1943 825 1981 in
851 1953 1019 1982 mentem
1038 1943 1084 1982 iis
1107 1955 1186 1982 non
1208 1944 1381 1988 venerit,
1402 1940 1502 1994 ipsos
1523 1940 1676 1981 colores
1695 1942 1789 1982 oleo

507 2007 735 2047 temperare,
747 1997 788 2036 δε
799 1998 918 2050 magis
933 1998 1067 2042 miror,
1078 1996 1108 2036 F
1112 2010 1140 2036 r.
1154 1997 1306 2036 Iunium
1317 1995 1408 2036 nihil
1419 1995 1464 2035 de
1478 1996 1548 2035 hac
1560 1996 1792 2037 inventione

507 2050 684 2103 prodere.
708 2050 794 2103 Ego
814 2049 945 2090 saltem
973 2051 1081 2090 illum
1103 2051 1338 2104 pervolvens
1362 2050 1534 2090 invenire
1558 2062 1639 2089 non
1662 2051 1789 2101 potui.

506 2103 646 2157 Quare
668 2117 825 2145 manum
839 2106 883 2145 de
900 2105 1029 2144 tabula
1040 2135 1050 2151 ,
1067 2118 1116 2144 ne
1132 2104 1223 2144 mihi
1235 2104 1507 2158 exprobretur,
1521 2103 1627 2156 quod
1647 2103 1791 2144 Proto-

504 2159 615 2210 geni,
629 2159 738 2198 cuius
757 2160 917 2200 unicum
940 2159 979 2198 in
998 2170 1079 2198 arte
1093 2160 1230 2199 vitium
1246 2158 1487 2212 reprehendit
1508 2157 1687 2211 Apelles,
1702 2161 1796 2212 quod

506 2228 647 2252 manum
658 2215 697 2251 de
709 2213 827 2252 tabula
842 2214 953 2252 tollere
967 2213 1124 2253 nesciret
1137 2243 1147 2258 ‚
1167 2213 1409 2253 memorabili
1426 2221 1656 2267 praecepto,
1673 2225 1792 2253 noce-

505 2280 548 2306 re
565 2265 675 2319 saepe
690 2267 846 2306 nimiam
862 2267 1105 2320 diligentiam.
1121 2268 1268 2306 Rmz.

562 2324 636 2360 ead.
648 2321 673 2359 l.
686 2334 724 2370 7.
737 2320 812 2359 Τῶν
825 2320 864 2360 θ’
879 2323 932 2370 ἐφ’
946 2321 1049 2373 ὅτῳ)
1073 2321 1164 2361 Non
1182 2334 1278 2374 puto
1302 2319 1404 2360 reste
1425 2319 1632 2360 cohaerere
1654 2319 1794 2375 vulga-¹

509 2385 588 2412 tam
601 2374 810 2414 leffionem
823 2374 895 2414 τῶν
911 2374 949 2414 ‹9’
963 2374 1013 2423 ἐφ’
1027 2375 1110 2424 ὅτῳ·
1125 2375 1184 2414 sed
1199 2375 1426 2427 respondere
1441 2374 1508 2413 fibi
1520 2374 1659 2412 debere
1673 2374 1739 2412 τοι]
1752 2373 1795 2413 θ’
1821 2424 1824 2428 .

507 2429 561 2477 ἐφ’
577 2426 663 2484 ὅτῳ,
689 2429 942 2471 Graevianae
961 2429 1238 2471 emendationis
1264 2428 1492 2471 sententiam
1515 2426 1666 2470 secutus
1681 2426 1795 2479 sum3
