1768 3185
200 161 270 206 IN
307 157 615 206 SCYTHAM
648 157 762 205 SEU
797 157 1140 204 HOSPITEM.
1231 179 1328 226 459

0 276 3 284 ,
109 245 270 287 {hidam
282 247 513 298 ἐντέμνουσιν
524 246 630 296 αὖτῷ
642 247 733 298 ξένῳ
746 246 879 300 ιάτρξῦ)
891 247 998 287 Ξένος
1010 247 1145 298 ἰατρός.
1159 247 1328 290 GUYET.

0 321 2 331 =
48 298 137 352 (Ita
151 301 190 340 in
209 312 308 341 nott.
327 302 411 341 eius
425 300 509 340 Mff.
526 302 697 341 invenio.
721 301 786 340 An
799 302 914 355 igitur
928 301 1053 340 voluit
1069 302 1168 352 ξένος
1180 315 1325 343 nomen

0 362 2 385 ῐ
53 354 133 393 viri
146 353 295 395 facere?
311 354 383 395 Sed
397 355 486 408 quia
505 355 667 395 honoris
689 356 843 401 titulus,
866 355 909 395 &
925 354 1033 407 quast
1054 355 1233 394 Numinis
1248 357 1301 395 est
1312 387 1327 403 ,

0 439 2 447 ,
51 406 144 448 ideo
157 408 293 448 maiori
308 408 416 448 litera
431 408 617 448 distinxit:
636 411 742 461 quod
767 410 860 462 quia
881 409 1046 449 Solanus
1068 421 1228 461 quoque
1250 420 1327 449 vo-

51 460 138 509 luit,
152 461 260 502 facile
273 461 682 515 admisxmus.R1-:1·rz.)
696 463 799 502 Male
819 465 1021 516 interpres:
1042 467 1093 503 Et
1108 465 1184 514 ipfi,
1205 479 1327 515 quam-

51 517 338 580 quam’peregrino
353 518 512 563 Medico,
530 517 755 568 Athenienses
770 518 896 570 hostias
911 518 1096 558 immolant.
1112 516 1325 567 Ἐντέμνου·

46 582 108 608 σιν
121 568 224 619 αυτῷ
246 569 334 621 ξένῳ
357 569 481 620 ἰατρῷ,
503 571 579 611 hoc
601 570 675 618 est,
690 572 754 624 ipfi
769 571 893 624 hostias
907 571 1105 618 immolant,
1113 570 1180 621 ficb
1193 572 1326 610 nomine

45 651 47 653 .
77 624 213 676 eregn‘m'
224 624 366 663 Medici.
381 625 561 664 MENAG.
582 624 794 664 Monuerat
806 627 845 663 in
865 637 985 675 marg.
1000 625 1058 664 ed.
1071 624 1218 665 GraeV.
1233 626 1323 665 clar.

47 636 270 717 fiemsterh.
283 679 498 718 adeundum
514 678 665 718 Duker.
689 678 733 717 ad
749 678 935 729 Thucyd.
948 679 1001 726 V,
1016 692 1053 731 p.
1073 691 1161 731 325,
1187 691 1223 717 n.
1247 679 1298 729 84
1310 709 1325 728 ‚

50 729 121 769 ubi
134 731 164 770 is
176 731 270 771 haec
288 731 445 773 Luciani
459 733 577 772 verba
593 731 714 772 affert.
730 732 861 772 Verba
877 742 1006 771 autem
1023 732 1208 784 Thucyd.
1223 745 1256 771 c.
1277 747 1322 773 12

51 783 109 823 his
122 784 306 831 consona,
323 786 418 826 haec
432 785 536 827 sunt:
555 784 601 825 ὧς
616 784 759 838 ἧρώϊὸὲ
773 787 995 836 ἐντέμνουσι.
1009 785 1150 838 Spanh.
1166 786 1326 827 Differt.

49 836 108 878 IX
122 838 168 878 de
183 838 316 892 praest.
332 840 372 880 δι
385 838 441 880 us.
452 840 569 879 N'um.
588 853 672 893 pag.
694 841 763 892 565
779 840 954 879 Laudatur
972 840 1059 879 ibid.
1074 840 1221 881 Rmz.
1248 841 1324 880 Lo-

51 893 203 944 quitur,
218 905 263 933 ut
275 893 322 932 de
335 893 488 934 Brafida
502 895 685 946 Thucyd.
695 894 746 940 V,
764 908 777 932 1
794 907 826 941 1,
843 893 884 932 Οἱ
896 895 1168 943 Ἀμφιπολῖται
1183 897 1324 947 περιέρ-

49 944 188 997 ξαντες
198 946 317 987 αὐτοῦ
328 951 371 986 τ“ο
382 948 570 999 μνημεῖον,
585 945 632 988 ὦς
647 945 732 999 ἥρωϊ
744 963 788 987 τε
802 948 1009 997 ἐντέμνουσι
1019 977 1030 994 ,
1047 948 1110 988 καὶ
1127 951 1246 998 τιμὰς
1257 948 1323 988 Σε-

47 998 235 1048 scandam,
248 1001 402 1054 ἀγῶνας
413 1003 477 1041 καὶ
491 1003 657 1042 ἐτησίους
665 1001 812 1041 θυσίας.
826 1003 967 1040 Heroas
979 1001 1219 1042 Graecorum
1230 1015 1322 1043 cum

51 1054 162 1093 Divis
173 1053 198 1094 s.
209 1056 408 1108 consecratis
419 1055 691 1095 Romanorum
704 1055 963 1095 conferendos
975 1055 1065 1102 effe,
1077 1058 1191 1095 etiam
1205 1057 1323 1110 Span-

46 1106 197 1148 hemius
211 1109 342 1150 docuit
357 1110 403 1150 de
416 1110 486 1150 usu
499 1110 540 1149 δι
552 1110 686 1163 praest.
700 1122 804 1149 num.
817 1109 895 1149 diff.
910 1123 948 1160 9,
961 1123 998 1161 p.
1015 1124 1101 1163 329.
1115 1111 1324 1160 Ἔντέμνου-

46 1175 85 1200 σι
103 1162 268 1203 verbum
282 1165 556 1217 ineerpretatur
569 1163 794 1204 Scholiastes
807 1163 1051 1217 ἐναγίζουσιν,
1070 1166 1323 1216 ἐναγίσματα

46 1217 311 1269 προσφέρουσι,
326 1218 484 1258 θύουσιν.
496 1219 698 1272 Ἐναγίζειν
715 1218 827 1257 etiam
846 1218 890 1257 de
905 1216 1109 1264 sacrificiis,
1127 1231 1227 1270 quae
1241 1220 1323 1258 He-

45 1270 200 1316 roibus,
226 1285 307 1312 non
330 1273 612 1312 immortalibus
635 1272 746 1318 Diis,
766 1271 999 1320 offeruntur,
1014 1273 1239 1312 Herodotus
1261 1273 1322 1323 ΙΙ,

46 1339 110 1373 44.
128 1324 259 1366 GESN.

101 1382 174 1418 ead.
188 1381 213 1419 l.
229 1393 242 1418 1
252 1394 287 1420 2.
301 1380 397 1430 Ξένῳ
408 1379 562 1433 Ἰατρῷ)
577 1378 668 1420 AG.
679 1379 753 1425 IV,
771 1378 861 1432 883.
875 1379 1033 1419 δοῖ-ΑΝ.

104 1432 196 1486 Pag.
218 1434 336 1482 146.l.
353 1449 387 1473 2.
402 1434 562 1473 Σκύθαις
576 1456 621 1463 —-
637 1432 947 1497 ἀπαθανατίζειν)
962 1431 1079 1472 Conf.
1090 1432 1188 1472 infra
1198 1434 1324 1474 Ἐκκλ.

47 1498 81 1525 c.
95 1500 138 1539 9:
160 1487 361 1541 Τοιγαροῦν
375 1488 408 1528 οἱ
422 1488 560 1529 Σκύθαι
577 1487 643 1526 καὶ
658 1487 689 1526 οἱ
705 1492 815 1526 Γέται
829 1509 874 1516 -
890 1488 996 1526 αυτοὶ
1013 1487 1320 1539 ἀπαθανατίζου-

49 1554 102 1589 σι,
116 1541 296 1581 mineo-215
309 1541 592 1595 χειροτονοῦσιν.
617 1541 777 1582 SOLAN.

101 1595 181 1634 ibid.
203 1596 273 1635 Καὶ
283 1599 451 1646 πέμπειν
463 1597 545 1647 περὶ
557 1599 620 1634 τον
633 1594 838 1647 Ζάμολξιν)
860 1595 1014 1635 Morem
1029 1594 1131 1634 hunc
1143 1595 1318 1635 mittendi

48 1647 96 1686 ad
118 1649 319 1689 Zamolxin
335 1650 460 1690 scribit
472 1649 618 1690 Herod.
633 1651 670 1688 in
686 1665 721 1698 4.
733 1649 854 1689 Strab.
877 1650 914 1688 in
927 1663 962 1700 7.
983 1649 1089 1689 Suid.
1099 1650 1136 1688 in
1153 1649 1320 1690 difiione

46 1701 250 1755 Ζάμολξις.
258 1704 401 1745 COGN.
414 1704 483 1743 Καὶ
492 1705 660 1754 ’πέμπειν
668 1699 715 1743 ὧς
724 1703 808 1743 τοὺς
817 1704 899 1754 περὶ
911 1708 972 1742 τὸν
982 1703 1184 1754 Ζάμολξιν.
1197 1705 1319 1743 MAR-

47 1765 130 1795 ΕΠ..
145 1759 313 1809 Πέμπειν
325 1759 406 1810 περὶ
420 1762 481 1798 τὀν
494 1757 696 1809 Ζάμολξιν.
711 1757 814 1797 Dico
824 1757 923 1796 alibi.
942 1757 1035 1797 BOU
1041 1769 1112 1798 RD.
1129 1761 1241 1809 Παρὰ
1252 1759 1313 1798 Μ.

47 1809 91 1849 Ι...
104 1810 236 1851 &edd
254 1811 308 1852 Fl.
324 1814 362 1852 S.
373 1813 412 1852 &
427 1813 478 1851 A.
494 1813 618 1860 reRe3
635 1812 676 1852 &
691 1811 740 1852 sic
758 1812 984 1851 Herodotus
1003 1811 1101 1863 ipse,
1122 1813 1190 1863 qui
1211 1812 1315 1852 hunc

46 1876 199 1905 morem
215 1865 385 1906 describit
398 1867 436 1905 in
448 1866 520 1913 lv,
535 1880 572 1918 p.
589 1879 674 1918 159,
691 1881 724 1905 2.
742 1865 784 1904 ln
796 1865 950 1917 reliquis
961 1865 1042 1904 edd.
1057 1865 1210 1918 peffime
1220 1866 1317 1918 legi-

47 1928 112 1958 tur
124 1922 215 1970 περί.
241 1919 305 1960 De
320 1920 544 1961 Zamolxide
556 1920 632 1959 vid.
649 1920 802 1972 Menag.
816 1920 861 1958 ad
878 1918 997 1971 Diog.
1018 1919 1142 1960 Laert.
1167 1933 1202 1972 p.
1222 1933 1312 1972 205.

47 1971 207 2014 SOLAN.
222 1973 321 2014 Puto
336 1987 411 2028 ego
424 1985 551 2014 totum
567 1974 643 2014 hoc
656 1974 820 2013 sumtum
833 1973 880 2012 ab
892 1974 1082 2013 Herodot.
1095 1974 1169 2019 lv,
1183 1988 1249 2027 94,
1261 1986 1317 2013 at-

44 2039 123 2079 que
140 2028 190 2067 ita
204 2028 406 2082 legendum
419 2058 430 2076 ‚
446 2028 608 2067 άθανατί
613 2029 699 2080 ζειν,
715 2028 779 2066 καὶ
792 2029 957 2077 πέμπειν
969 2031 1076 2079 παρὰ
1091 2030 1151 2067 τὸν
1163 2028 1315 2077 Ζάμολ·

47 2079 117 2131 ξιν.
132 2082 414 2122 Nominaverat
429 2083 546 2121 Γέτας
561 2081 648 2121 τοὺς
658 2083 967 2133 ἀθανατίζοντας.
987 2081 1092 2120 Tum
1109 2083 1238 2134 paucis
1250 2083 1315 2120 in-

47 2135 235 2184 ῐετίεὲὶίς,
253 2135 517 2187 ἀθανατίζουσι
543 2135 589 2174 ἑὲ
611 2136 720 2175 τόνὲε
744 2138 808 2174 τὸν
824 2135 966 2186 τρόπον·
980 2135 1063 2175 οὔτε
1074 2131 1314 2176 ἀποθνήσκειν

47 2186 203 2229 ἑαυτοὺς
218 2192 416 2242 νομίζουσι,
429 2189 519 2228 ι’έναι
535 2204 577 2229 τε
590 2192 652 2228 τὸν
665 2189 922 2239 ἀπολλύμενον
935 2191 1040 2240 παρα
1052 2191 1113 2229 τ“ον
1127 2189 1315 2240 Ζάμολξιν

45 2242 224 2293 ἒαίμονα.
254 2243 405 2284 Deinde
429 2255 556 2283 narrat
566 2273 576 2291 ‚
599 2257 715 2296 quam
741 2244 895 2283 ridicula
915 2243 1137 2282 crudelitate
1157 2242 1316 2294 singuiis

44 2298 317 2350 quinquenniis
327 2297 530 2338 interieffis
540 2297 641 2337 sorte
651 2297 819 2350 aliquem
831 2297 1019 2338 deleetum
1033 2298 1183 2336 mittant
1195 2298 1240 2335 ad
1249 2297 1315 2336 Za-

46 2351 206 2400 molxin‚
217 2352 412 2402 πέμπουσι
424 2352 488 2391 vel
500 2353 772 2401 άποπεμπουσι
787 2352 893 2402 παρὰ.
903 2355 965 2390 τον
978 2351 1178 2402 Ζάμολξιν,
1188 2351 1314 2390 ὲντελ·

44 2404 200 2454 λόμεναι
215 2404 287 2444 τῶν
297 2406 341 2446 ἂν
353 2406 510 2445 ἑκατοτε
527 2405 700 2445 simma.
718 2405 808 2444 Hoc
820 2405 950 2456 itaque
965 2405 1002 2443 in
1017 2403 1193 2444 versione
1210 2403 1312 2444 secu-

39 2469 104 2501 tus
113 2457 206 2501 sum.
219 2459 370 2501 Deinde
379 2460 498 2501 verba
514 2459 576 2500 ἐπὶ
589 2458 639 2499 τιῖ
641 2474 657 2500 ς
670 2457 851 2500 Ἐλλάὸος
867 2459 1029 2499 omnino
1045 2458 1311 2512 praecedenti-2
