1768 3185
251 208 355 258 ΙΝ
422 211 1180 284 HERMOTIMUM.
1269 234 1353 283 371

26 328 33 341 .
83 309 236 344 temmres
249 305 314 358 ff·
323 286 571 365 philosbplzos}
593 318 763 358 cumque
784 304 862 358 ipse
884 306 1172 354 Hermotimus,
1192 308 1236 346 ad
1251 311 1361 350 cuius

82 360 206 398 verba
220 359 429 412 respicitur,
446 362 557 412 {upra
571 373 602 399 c.
619 374 644 410 7
659 362 772 399 etiam
787 359 925 412 plurali
937 359 1026 399 usus
1045 360 1110 406 fit,
1126 362 1166 400 ἃ
1187 361 1245 401 hic
1257 376 1362 402 com-

86 413 203 452 mode
223 413 358 453 eodem
383 426 548 452 numero
570 425 790 466 repetentur
811 411 998 460 πλοῦτοι,
1019 414 1199 454 veluti&
1221 415 1260 453 in
1280 417 1360 455 Ne-

85 477 219 516 cyom.
233 479 316 519 cap.
335 481 349 505 1
360 481 395 513 2,
410 468 587 506 ’πλούτοις
606 482 650 506 τε
664 468 728 505 καὶ
743 466 903 518 ἀρχαῖς·
920 467 1059 507 iterum
1074 469 1159 507 ibid.
1173 468 1361 509 ’πλούτους

83 520 203 572 λέγω,
216 521 393 573 noei‘ye'rn.
406 519 719 573 philosophicum
743 522 845 559 enim
867 519 942 560 effe
956 522 1120 570 videtur,
1132 521 1261 561 similia
1279 524 1363 576 plu-

83 573 156 612 rali
168 586 272 613 num.
287 573 495 627 usurpare,
512 587 612 627 quae
626 575 715 613 alias
739 575 805 612 vix
827 575 968 614 habent
989 577 1194 628 pluralem3
1213 588 1255 615 ut
1269 577 1359 616 alibi

83 625 331 667 ostendimus.
345 628 417 668 Sed
437 628 477 667 δι
493 629 670 681 Xenoph.
696 626 828 680 Ephes.
845 628 879 668 ΙΙ
890 658 901 674 ,
921 642 1004 681 pag.
1023 644 1068 683 32
1079 660 1093 676 ,
1106 633 1276 669 πλούτων
1290 631 1356 670 καὶ

83 679 317 731 ἐπιμελείας.
337 682 448 721 Adde
471 681 637 721 Diodor.
652 682 724 722 Sic.
749 681 784 729 1,
805 695 852 732 71
879 680 904 720 f.
922 684 988 721 noe}
1006 685 1219 737 μεγίστους
1239 684 1358 724 πλού-

82 748 172 774 τους
182 733 316 786 ἔσχον,
329 736 370 775 δι
385 735 566 777 Nostrum
580 736 685 775 Tox.
697 749 731 775 c.
745 749 806 786 45.
826 735 968 776 RmTz.
1099 737 1113 750 ⁵

137 791 212 827 ead.
225 790 250 828 l.
262 803 298 841 9.
313 791 366 829 Ἐς
380 792 421 827 τὶ
438 787 626 842 ὕστατον)
650 790 770 828 Valde.
783 789 923 829 BROD.

88 863 91 866 >
135 845 211 882 ead.
224 843 249 881 l.
265 856 323 892 14.
337 843 451 897 Δίων)
466 843 553 882 Fuit
566 844 605 883 δι
620 844 718 882 illius
730 844 896 882 nominis
916 842 1069 896 insignis
1082 842 1281 897 Sophista;
1295 844 1356 886 sed

81 894 114 935 is
127 896 191 936 diu
203 909 293 936 ante
309 898 412 937 hunc
425 898 530 936 vixit.
546 896 663 937 Conf.
677 899 772 936 haec
783 898 912 949 potius
925 910 1012 937 cum
1029 897 1112 948 Αεξ.
1128 899 1194 937 ubi
1210 899 1255 938 de
1267 913 1358 953 pro-

81 949 311 1002 fligatiffimo
326 952 427 990 iilius
443 952 606 991 nominis
624 951 779 990 homine
791 951 904 990 etiam
923 952 1068 991 mentio
1079 951 1134 992 fit.
1148 952 1266 992 Hunc
1281 967 1356 1007 ego

80 1003 252 1057 suspicor
265 1004 477 1057 Sophistam
489 1007 604 1044 eti-:un
619 1004 736 1045 fuiffe.
751 1005 913 1044 SOLAN.

134 1060 208 1097 ead.
226 1059 312 1098 l.16
338 1058 570 1112 ’Avi-sst'sov)
594 1059 678 1111 Qui
700 1057 842 1106 nescit,
866 1059 943 1098 hoc
964 1059 1129 1098 verbum
1152 1060 1354 1112 proprium

80 1111 156 1152 effe
177 1113 341 1152 mercedi
364 1112 591 1162 solvendae,
611 1118 650 1152 δι
671 1112 879 1166 saepiffime
902 1126 992 1153 curn
1018 1112 1194 1152 substant.
1209 1117 1354 1162 μισῦδς

80 1166 210 1219 iungi,
227 1167 339 1206 adeat
351 1166 423 1206 lac.
447 1167 588 1207 Elsner.
603 1168 648 1207 ad
670 1168 815 1220 Evang.
833 1167 971 1206 March.
986 1167 1083 1212 Xx,
1104 1166 1150 1214 83
1173 1168 1239 1207 ubi
1255 1170 1354 1208 ἀστό-

81 1220 148 1260 ὃος
159 1218 287 1259 αὐτοῖς
298 1222 360 1258 τὸν
370 1225 504 1271 μηδὲν
517 1234 565 1261 ex
581 1221 724 1261 Achill.
741 1222 831 1261 Tat.
850 1220 1046 1274 Aristoph.
1060 1220 1209 1260 Aelian.
1224 1222 1265 1262 &
1277 1223 1354 1263 hoc

80 1273 280 1314 Lucianeo
292 1274 514 1315 testimonio
530 1277 729 1329 probatur.
742 1276 888 1315 Rmz.

133 1329 212 1367 ibid.
228 1330 338 1381 Παρὰ
350 1328 366 1382 )
380 1329 422 1368 In
437 1329 618 1383 impreffis
635 1331 775 1382 legitur
788 1330 891 1382 περὶ,
908 1329 1010 1369 haud
1024 1328 1137 1368 dubie
1151 1341 1347 1384 corrupte.

79 1381 137 1422 M.
149 1382 188 1422 P.
201 1382 242 1422 &
257 1382 297 1421 L.
308 1382 410 1422 reete
422 1384 541 1435 παρά..
556 1383 714 1423 SOLAN.

12 1476 15 1487 ¹
137 1436 226 1488 Pag.
248 1451 306 1489 13.
322 1437 344 1477 l.
360 1451 391 1488 5.
405 1441 500 1476 ΕΡΜ.
514 1440 684 1489 Πονηρὶς)
697 1436 886 1478 Omiffum
903 1437 1100 1476 non-mirum
1111 1466 1124 1482 ‚
1143 1449 1210 1476 aut
1229 1436 1350 1478 simile

12 1515 15 1520 ν
78 1490 170 1543 quid
184 1521 194 1535 ‚
208 1503 284 1543 qua
300 1492 447 1530 ratione
467 1491 508 1530 ὃ(
531 1492 735 1531 Romanos
757 1491 814 1531 uti
829 1489 897 1530 suo
911 1506 989 1529 nam
1009 1490 1073 1529 vel
1088 1491 1197 1538 enim,
1222 1491 1349 1530 osten-

78 1546 204 1584 dimus
220 1545 266 1584 ad
278 1544 448 1597 Quintil.
467 1559 488 1584 2
499 1576 511 1591 ,
530 1559 543 1584 1
558 1559 589 1593 1,
602 1544 947 1596 7.Transferamus
959 1546 1035 1584 hoc
1047 1545 1161 1583 etiam
1176 1544 1224 1583 ad
1236 1544 1348 1594 illud,

78 1599 186 1652 quod
207 1611 300 1638 mox
317 1598 500 1652 sequitur,
523 1600 682 1652 6121ssoe
705 1599 763 1638 ὅτι
787 1596 922 1638 ἑαυτοῦ
942 1598 1057 1650 χάριν
1082 1613 1116 1636 κ.
1138 1612 1174 1637 τ.
1200 1610 1233 1636 λ.
1257 1599 1347 1639 Hoc

78 1653 184 1692 enim
204 1653 291 1692 vult
301 1681 312 1698 ‚
330 1655 415 1692 Non
428 1654 545 1694 mirum
559 1666 589 1693 tc
609 1655 656 1692 ita
671 1656 896 1706 interrogare,
910 1653 972 1692 vel
985 1653 1096 1704 fintio
1107 1666 1168 1691 cur
1180 1653 1230 1691 ita
1244 1653 1346 1691 intera

77 1721 171 1761 roges
186 1707 258 1747 &o
277 1707 428 1760 Nempe
442 1709 528 1747 cum
542 1706 722 1760 frequens
737 1707 943 1747 admodum
958 1706 1002 1745 fit
1014 1707 1049 1745 id
1061 1719 1181 1759 genus
1195 1706 1346 1759 ellipsis,

76 1761 208 1800 malim
227 1773 313 1801 eam
335 1761 397 1801 hic
410 1774 567 1814 quoque
584 1763 779 1809 adhibere,
795 1774 911 1814 quam
928 1761 1054 1800 varias
1067 1760 1163 1800 adeo
1179 1761 1346 1814 particu-

76 1815 134 1855 lae
154 1817 233 1869 γὰρ
255 1813 548 1868 significationes
573 1817 753 1865 tribuere.
775 1816 867 1855 Hoc
888 1814 1001 1854 semel
1023 1814 1271 1854 observatum
1296 1815 1346 1854 ad

78 1869 208 1922 plures
228 1870 550 1922 interpretationis
571 1869 723 1910 nostrae
744 1871 854 1910 locos
874 1870 1064 1923 pertinere
1085 1868 1251 1917 videbit,
1275 1868 1345 1922 qui

77 1923 190 1962 volet
205 1925 411 1963 attendere.
426 1923 556 1964 GESN.

133 1980 205 2016 ead.
219 1978 240 2015 l.
252 1976 288 2016 8.
297 1977 548 2018 ’Avros‘aslmm
559 1979 638 2030 ’γὰρ
649 1973 750 2026 αὐτῷ
760 1978 865 2016 κατὰ
877 1979 996 2029 καιρὶν
1005 1975 1088 2015 τοὺς
1101 1974 1242 2015 τόκους.
1255 1980 1344 2016 Λυκ.

77 2031 173 2070 ‘11'st
185 2061 198 2078 ,
213 2029 257 2069 ἂν
267 2032 319 2080 μὴ
333 2030 600 2083 &musae-w)
619 2034 679 2070 An
697 2044 779 2070 non
793 2031 942 2070 videtur
963 2030 1144 2069 mutanda
1159 2028 1319 2082 persona
1331 2060 1344 2079 ,

77 2084 120 2124 &
133 2085 291 2124 Luciani
304 2097 446 2124 nomen
460 2085 770 2139 praeponendum
788 2084 844 2125 his
865 2085 1067 2124 omnibus?
1083 2083 1198 2124 Certe
1217 2083 1344 2123 effica-

78 2139 161 2179 cior
173 2140 243 2178 erit
256 2139 356 2178 lusus
367 2154 378 2187 3
396 2139 518 2192 quasi,
532 2153 621 2178 cum
633 2140 898 2178 Hermotimus
911 2137 1108 2177 excusaret
1119 2150 1223 2182 eum,
1237 2136 1343 2190 quod

78 2193 169 2232 nihil
185 2192 363 2234 adversus
382 2195 476 2233 alios
497 2193 652 2234 saevum
677 2192 879 2241 statueret,
903 2191 1128 2243 respondeat
1150 2192 1344 2231 Lucianus

77 2247 224 2293 ridens,
241 2247 278 2286 id
294 2247 471 2287 videlicet
486 2249 625 2287 mirum
640 2260 717 2286 non
729 2246 802 2287 effe
815 2278 825 2295 ,
840 2247 928 2300 quia
940 2246 990 2285 illi
1005 2247 1147 2286 obeant
1159 2246 1196 2284 in
1207 2245 1345 2285 foeno-

78 2314 120 2340 re
135 2300 319 2341 1olvendo
336 2301 587 2341 constitutum
601 2313 768 2352 tempus:
784 2313 864 2341 turn
878 2301 998 2353 pergit
1012 2301 1050 2339 in
1061 2300 1192 2339 eadem
1207 2298 1342 2353 perso-

78 2367 141 2394 na.
155 2355 263 2407 Quid
276 2368 401 2396 autem
416 2355 430 2394 ?
445 2369 491 2395 an
505 2355 555 2396 fic
569 2354 722 2395 futurus
735 2355 824 2395 esset
835 2386 846 2400 ‚
864 2354 893 2394 ss
906 2367 985 2394 non
994 2355 1126 2393 darent
1139 2353 1152 2392 ?
1165 2352 1310 2394 GRoN.

83 2429 86 2432 ·
132 2410 213 2449 ibid.
239 2412 348 2449 Κατὰ.
363 2410 509 2463 καιρὶν)
534 2413 643 2448 Κατὰ
665 2412 785 2461 καιρὸν
808 2408 890 2449 fieri
910 2409 1001 2462 quid
1019 2407 1169 2448 Graece
1190 2408 1343 2455 dicitur,

75 2463 186 2515 quod
198 2462 241 2502 fit
254 2463 395 2504 statuto
406 2495 418 2512 ‚
429 2476 657 2517 opportuno
667 2473 865 2516 tempore,
880 2475 961 2516 quo
975 2475 1045 2502 nec
1062 2461 1190 2508 serius,
1201 2474 1272 2501 nec
1289 2461 1341 2500 ci-

79 2518 153 2558 tius
167 2516 248 2558 fieri
263 2517 434 2559 debebat.
454 2518 578 2559 Laert.
600 2518 780 2562 Platone:
797 2517 998 2571 Παρεὲωκε
1017 2515 1062 2555 sk
1076 2511 1190 2556 αὐτὸν
1204 2514 1342 2569 nm&

978 2571 1049 2610 Aa
1079 2584 1101 2609 2
