1841 3180
429 105 523 152 602
632 91 1505 143 ANNOTATIONES

425 190 524 229 stans
538 187 591 229 est
603 218 618 236 ‚
632 187 757 227 minus
777 183 888 225 facile
901 181 1108 222 movenda.
1121 179 1306 220 Ceterum
1317 209 1327 227 ‚
1343 179 1369 219 fi
1384 180 1450 220 cui
1469 181 1600 221 minus
1611 181 1704 221 arria

426 245 489 284 det
502 244 591 283 illud
604 242 689 290 καὶ,
704 240 810 293 quod
824 235 915 276 lens.
927 235 1013 290 post
1026 235 1164 287 χρὸνων
1177 233 1287 274 inseri
1301 234 1386 274 vult
1397 263 1410 280 ,
1425 236 1615 288 punelum
1627 237 1702 276 mi-

427 311 503 337 nus
515 296 600 350 post
613 297 649 335 id
663 292 903 334 vocabulum.
916 301 1056 343 ponat,
1071 287 1112 328 &
1124 287 1175 328 stc
1186 286 1265 328 stne
1284 288 1349 326 καὶ
1362 287 1494 328 sensus·
1509 288 1594 329 satis
1604 289 1703 330 con·-
1819 304 1821 310 ·

426 351 517 399 stat,
532 351 598 404 qui
614 360 740 388 tamen
753 346 817 385 vel
829 357 922 385 cum>
933 351 1127 384 commate
1141 342 1353 382 tolerabilis
1365 341 1594 383 est.R1·:1·rz.

481 406 564 444 ibid.
588 401 711 454 Πρὸς)
736 400 798 440 Sic
813 397 996 451 rescripsi.
1016 398 1061 437 ln
1084 395 1268 449 impreffis
1288 398 1412 446 παρὰ,
1432 409 1593 450 excepta
1607 397 1704 440 Iunt.

428 472 529 513 quae
543 457 626 507 περὶ
640 456 754 494 habet
766 486 776 503 ,
794 453 900 506 quod
913 453 952 490 in
966 452 1004 491 P.
1017 451 1139 491 etiam>
1149 450 1283 490 exstat.
1297 449 1459 490 SOLAN.
1472 453 1483 457 “’

483 512 562 550 ibid.
576 510 646 548 Καὶ
659 511 764 560 παρὰ
778 507 868 560 τὴν)
881 507 956 546 Hic
969 505 1081 545 locus
1095 505 1241 565 integer
1254 516 1336 544 non
1349 505 1514 545 videtur.
1531 504 1706 547 Guvzr.
1760 538 1764 542 .
1820 510 1823 524 ¹

425 566 508 605 Iam
523 576 648 603 tamen
665 576 713 602 cx
726 561 859 602 Solani
871 560 1137 600 emendatione
1152 568 1300 615 integer
1311 557 1518 598 videbitur.
1530 557 1679 598 RHTZ.

483 619 575 669 Pag.
590 617 676 670 326.
690 617 713 655 I.
727 631 762 655 2.
773 615 860 666 ’Ὑφ’
875 610 1021 667 αὑτοῦ)
1037 612 1123 664 ’Ὑφ’
1136 609 1255 652 αὐτού
1267 613 1397 652 eratin
1411 613 1455 651 P.
1468 612 1541 652 Sed
1555 625 1605 652 ex
1619 611 1709 668 ipso

429 669 496 723 ὑφ’
507 670 594 711 satis
604 679 761 724 apparet
772 699 783 717 ,
796 681 881 709 eam
894 668 932 708 δι
948 663 1067 708 αὑτοῦ
1078 665 1268 718 adspirare
1281 665 1459 707 voluiffe.
1475 666 1624 706 Rmz.

483 727 558 764 ead.
569 726 591 764 I.
610 739 667 773 ¹4·
680 724 823 770 Παντὶ)
838 723 928 775 Leg.
943 722 1075 762 πάντη
1086 719 1208 760 τοῦτο.
1222 720 1390 761 GUYET.

485 781 565 818 ibid.
581 776 1035 830 Νομίσατε)Ἐνομίσατε.
1049 774 1218 816 GUYET.
1234 771 1314 814 Οὔκ
1328 774 1415 816 ἀντὶ
1425 773 1559 814 τούτου
1573 795 1619 805 -·
1630 773 1706 814 ἓνο-

427 832 601 886 μίσοιτε)
615 831 701 871 Fuit
723 844 813 871 cum
834 842 1012 883 putarem
1032 829 1237 882 legendum
1252 828 1418 869 πάντως.
1437 828 1514 869 Sed
1530 828 1708 868 nondum

430 887 482 927 stc
496 887 579 927 satis
592 885 705 926 sanus
718 897 801 925 erat
814 885 938 924 locus.
952 884 1068 924 Nunc
1083 894 1211 924 autem
1228 881 1418 923 verissima
1430 882 1523 922 mihi
1535 882 1707 930 videtur,

428 955 545 994 quam
567 941 603 979 in
620 952 768 980 textum
788 939 934 991 recepi,
954 937 1182 977 emendatio.
1202 937 1360 976 SOLAN.
1376 936 1488 990 Quia
1511 935 1708 991 sequentia

430 997 550 1035 verba
565 995 695 1033 omnia
709 993 818 1033 suum
836 1001 1089 1045 augmentum
1107 991 1271 1038 habent,
1287 991 1402 1031 etiam
1421 991 1461 1030 in
1484 991 1561 1031 hoc
1580 990 1707 1030 verbo

432 1047 645 1088 addidissem
655 1077 666 1095 ,
681 1048 789 1099 quod
804 1048 846 1088 &
860 1046 989 1086 Solan.
1004 1046 1045 1085 in
1058 1046 1154 1085 Iunc.
1171 1045 1324 1086 fecerat.
1336 1045 1440 1086 Licet
1459 1044 1562 1084 haud
1575 1044 1708 1085 imme-

433 1116 521 1142 mor
536 1102 603 1142 sim
625 1115 760 1142 eorum
772 1131 783 1149 ,
797 1113 897 1154 quae
920 1099 1032 1154 supra
1053 1112 1135 1139 non
1156 1098 1270 1139 semel
1284 1100 1329 1139 de
1344 1109 1555 1153 augmento
1569 1097 1711 1139 ftustra

433 1157 581 1196 adiefto
594 1157 764 1195 dixerim.
778 1158 928 1195 Verum
942 1155 1030 1205 quia
1043 1153 1201 1195 Gesner.
1215 1154 1251 1193 id
1267 1154 1499 1206 imperativo
1512 1153 1631 1193 modo
1642 1164 1709 1192 ac-

431 1213 555 1264 cepit,
570 1211 663 1249 nihil
677 1211 838 1249 mutavi.
853 1208 924 1249 Sed
941 1208 970 1248 fi
982 1209 1074 1260 quid
1087 1208 1312 1248 mutandum
1323 1238 1335 1256 ‚
1349 1207 1464 1261 poili-s
1481 1208 1594 1247 etiam
1609 1206 1708 1256 νομί-

435 1280 546 1304 σαιτε
558 1265 705 1317 legere,
725 1276 767 1302 ut
780 1263 824 1302 fit
835 1294 846 1311 ,
861 1262 1085 1314 iudicaffitis;
1097 1275 1186 1300 nam
1200 1261 1265 1301 vel
1279 1260 1330 1300 stc
1341 1290 1353 1306 ,
1369 1260 1435 1301 vel
1449 1261 1646 1311 ἓνομίσοιτε
1655 1261 1710 1302 le·-

433 1320 560 1370 gendo
574 1349 585 1363 ‚
602 1318 888 1370 argumentatio
901 1316 1056 1362 clarior,
1070 1315 1112 1355 δι
1132 1314 1260 1356 sensus
1275 1315 1394 1367 magis
1408 1315 1622 1355 cohaerens
1636 1314 1710 1354 mi-

433 1373 472 1411 hi
496 1373 660 1411 videtur.
678 1372 825 1411 Rmz.
850 1371 935 1424 Ego
958 1370 1139 1423 putabam
1152 1398 1164 1418 ,
1187 1370 1369 1410 νομίσαιτε
1390 1369 1683 1422 relinquendum
1694 1391 1709 1418 ‚·

432 1440 520 1465 cum
535 1426 649 1479 ipsam
665 1426 863 1465 contineat
879 1425 1101 1479 petitionem
1117 1422 1331 1475 poffefforis
1344 1422 1472 1477 gladii,
1485 1423 1526 1462 &
1537 1422 1711 1476 protasii}

432 1480 776 1533 argumentationis
790 1479 908 1519 finiat.
926 1479 963 1519 Si
983 1478 1061 1519 hoc
1079 1477 1202 1518 solum
1223 1489 1417 1531 peterem,
1436 1477 1618 1518 Gladium
1637 1478 1709 1517 ho-

432 1545 591 1574 norate:
613 1547 744 1573 nonne
756 1533 878 1587 ipsum
893 1545 1054 1587 quoque
1071 1533 1272 1573 dominum
1288 1531 1395 1574 ultro
1412 1531 1564 1573 honore
1577 1531 1710 1573 affice-

430 1589 544 1628 retis?
561 1587 690 1629 GcsN.

487 1643 576 1695 Pag.
592 1655 679 1694 327.
693 1642 717 1680 l.
736 1654 766 1680 1.
778 1640 831 1679 Ἐν
844 1640 920 1680 τοῖς
933 1639 1034 1693 ἱεροῖς
1049 1639 1167 1694 ἕινεθ.)
1182 1640 1272 1680 Non
1285 1651 1332 1679 ut-
1342 1638 1419 1693 ipse
1433 1652 1592 1693 quoque
1605 1639 1710 1680 inter-

431 1694 543 1735 Deos
555 1694 741 1735 referatur
752 1694 916 1748 gladius;
929 1708 1165 1748 quamquam
1179 1695 1281 1746 apud
1292 1694 1458 1746 Scythas
1469 1695 1617 1734 cultum
1633 1694 1709 1734 aci.

431 1762 567 1789 nacem
580 1749 762 1801 legimus:
777 1748 838 1789 sed
851 1749 1037 1801 quoniam
1054 1749 1099 1787 ad
1113 1749 1270 1788 donaria
1286 1748 1325 1787 in
1340 1748 1493 1801 templis
1507 1747 1680 1800 suspensa
1691 1777 1707 1794 ,

433 1803 562 1856 (forte
583 1805 698 1842 etiam
716 1803 807 1842 Deo
822 1802 958 1849 alicui,
975 1813 1018 1842 ut
1031 1802 1118 1842 Iovi
1134 1802 1273 1850 ultori,
1293 1812 1338 1841 ut
1359 1803 1500 1849 Marti,
1513 1800 1706 1855 appensus

431 1856 603 1910 gladius)
625 1871 711 1909 pars
721 1858 833 1897 etiam
850 1856 979 1896 cultus
992 1857 1031 1896 δι
1045 1856 1241 1909 religionis
1250 1856 1349 1895 illius
1359 1856 1514 1896 videtur
1525 1857 1706 1909 perveni-

430 1925 484 1950 re.
499 1912 561 1951 Sic
580 1911 691 1964 supra
701 1912 842 1951 'fv-mv.
857 1924 889 1951 c.
903 1910 926 1950 8
940 1909 1107 1951 statuarii
1117 1909 1268 1950 nobiles
1277 1912 1385 1960 μετὰ,
1399 1910 1472 1953 τῶν,
1487 1909 1576 1950 θεῶν
1590 1925 1708 1962 προσ-

427 1965 621 2005 >iuuentem
648 1966 851 2013 dicuntur,
874 1965 983 2018 quod
1005 1978 1095 2005 cum
1126 1964 1274 2004 Phidiae
1296 1964 1469 2018 Iuppiter
1495 1964 1680 2004 adoratur
1690 1994 1707 2010 ‚

427 2020 541 2059 etiam
557 2019 633 2073 ipse
644 2019 781 2059 artifex
794 2021 832 2058 in
848 2030 992 2073 partem
1009 2019 1171 2059 honoris
1184 2018 1342 2059 videtur
1356 2018 1502 2058 venire.
1519 2018 1647 2060 GESN.
1696 2054 1700 2059 f

481 2077 556 2113 ead.
571 2076 594 2114 l.
609 2088 646 2123 4.
658 2073 978 2126 Τιτρωσκόμενος)
992 2073 1067 2113 Hic
1081 2072 1280 2113 desiderari
1295 2072 1448 2113 videtur
1466 2071 1483 2111 ὃ
1504 2071 1590 2119 υἱὸς,
1604 2072 1667 2112 vel
1683 2071 1703 2111 ἃ

427 2129 629 2175 νεανίσκος,
644 2138 685 2167 ut
699 2128 885 2181 interpres
896 2126 1086 2181 exposuit.
1105 2127 1274 2168 GUYET.
1288 2126 1381 2166 Non
1400 2126 1499 2167 adeo
1515 2125 1705 2167 desidera-

428 2191 492 2220 tur
504 2181 591 2229 υἱὸς,
604 2182 666 2221 vel
681 2182 881 2230 νεανίσκος,
897 2195 1012 2235 quam
1034 2181 1257 2235 intelligitur
1267 2193 1317 2221 ex
1330 2180 1643 2221 antecedentibus
1659 2181 1703 2221 δε

428 2235 764 2289 consequentibus.
787 2236 923 2276 Nexus
937 2236 1037 2275 enim
1058 2236 1244 2275 orationis
1264 2235 1333 2282 est,
1353 2235 1435 2275 ἐπεὶ
1453 2237 1536 2288 ⁶7³²?
1551 2234 1703 2285 φονευό.

427 2303 549 2338 μενος,
569 2290 584 2328 ὁ
601 2289 670 2339 μὲν
689 2290 899 2336 ἀνεβόησεν.
921 2289 1001 2330 Nisi
1020 2289 1129 2329 malis
1146 2302 1300 2330 mecum
1323 2288 1528 2330 articulum
1547 2288 1702 2335 addere,

429 2342 445 2380 ὁ
468 2343 705 2394 φονευόμενος
726 2344 912 2396 legendo,
941 2355 986 2383 ut
1007 2344 1059 2384 fic
1081 2344 1231 2397 plenius
1249 2344 1372 2383 eidem
1391 2342 1618 2395 respondeat
1638 2355 1702 2382 re·
1740 2380 1745 2385 Ι
1775 2332 1804 2395 'tf‘

428 2398 591 2450 petitum
612 2398 744 2440 deinde
764 2399 779 2438 ὁ
805 2399 898 2453 μὲν,
924 2398 1030 2456 quod
1053 2397 1226 2451 έπκνὸδῗῳ
1254 2397 1432 2448 inservit,
1456 2407 1616 2455 propter
1642 2397 1705 2437 in=
