1768 3185
262 100 363 151 IN
432 100 1198 150 HERMOTIMUM.
1285 109 1376 170 387

96 225 99 229 .
163 192 238 232 ead.
252 193 275 232 ἰ.
289 191 427 232 awos
445 191 548 230 ’ὄντος
561 191 597 228 ἒν
609 189 769 242 μυρίοις)
794 190 886 230 Hoc
902 188 976 229 fert
989 189 1096 230 casus
1110 190 1239 245 saepe,
1252 207 1295 233 ut
1312 197 1379 248 qui

104 247 219 286 verbi
230 244 340 286 causa
354 245 400 284 ad
413 244 547 284 orbem
565 244 684 284 clavis
699 244 826 283 multis
837 243 1037 284 confixum
1051 245 1242 294 collineet,
1254 261 1378 288 unum

108 311 382 352 quemcunque
391 299 544 338 clavum
556 299 601 337 tle
612 310 688 335 tam
702 297 829 336 multis
839 296 963 346 feriat,
973 298 1174 352 eiiciatque
1186 312 1194 338 :
1208 313 1245 339 at
1258 314 1377 340 unum

109 354 275 405 aliquem
289 352 331 391 &
342 364 488 391 certum
504 366 541 390 v.
556 365 590 403 g.
604 352 672 403 qui
685 353 723 389 in
739 349 820 404 ipso
837 363 986 397 centro,
1001 364 1068 391 aut
1081 353 1117 391 in
1133 352 1278 393 summa
1290 355 1379 408 apfi-

107 407 157 447 de
166 406 210 446 fit
221 405 342 454 fixus,
354 418 554 452 excutere,
569 406 658 444 artis
671 404 724 443 est
734 435 745 451 ,
760 416 826 444 aut
839 403 946 444 casus
964 405 1146 446 rarissimi.
1163 407 1291 448 stn.

100 491 106 494 .
164 462 237 499 ead.
252 461 275 498 l.
289 474 325 509 7.
339 458 521 511 Ὁμηρικῷ
541 457 701 510 τοξότῃ)
718 459 834 498 Hom.
857 459 902 498 ad
920 458 1036 499 finem
1052 459 1158 500 Iliad.
1171 466 1224 501 Ψ.
1236 462 1376 502 BROD.

107 511 231 555 Hom.
245 513 286 553 11.
301 518 358 560 Ψ,
371 513 460 565 865.
476 513 634 552 Somx.
734 536 738 538 -

104 603 106 605 .
162 568 318 608 incisos
330 566 431 620 δέον)
445 565 611 606 Similem
625 563 751 605 casum
765 565 942 619 expreffit
957 567 1074 606 etiam
1092 568 1198 622 Virg.
1213 569 1312 610 Aen.
1325 569 1380 611 V.

109 620 270 662 Soram.
1088 635 1103 649 ³

165 678 240 714 ead.
250 675 273 714 l.
288 673 512 726 8.”Ετεμεν)
532 672 626 712 Non
641 684 741 725 opus
755 671 808 711 est
823 671 986 712 leaione
999 673 1178 714 Cod.W.
1199 677 1378 728 ἐνέτεμεν.

102 729 183 770 Sed
195 728 225 768 fi
235 728 326 781 quid
339 728 550 767 mutatione
571 727 754 779 indigeret
766 725 902 774 locus,
915 727 1122 777 ἀπέτεμεν,
1138 730 1201 769 vel
1217 731 1377 771 ἀπέτει-

105 797 177 833 μεν
188 795 234 823 ex
251 780 332 835 ipso
346 782 476 835 potius
491 781 609 820 Hom.
624 780 889 831 reponendum
899 810 912 827 ,
927 781 995 834 qui
1011 783 1061 820 ait
1075 781 1097 820 1.
1113 796 1144 822 c.
1159 783 1323 836 Ἀντικρὺ
1339 784 1378 824 8’

110 837 191 876 ἀπὸ
203 832 364 888 μύρινθον
377 838 481 885 τέιμε
497 837 626 885 πικρὸς
639 833 937 873 bi·c⁷6;.Verum
954 835 1057 875 nulla
1073 838 1245 876 mutandi
1257 838 1380 879 neces-

109 889 217 929 fitas:
234 902 321 929 nam
337 889 482 941 alioqui
503 889 615 928 etiam
634 887 704 936 μὲν
727 887 972 940 ingerendum
985 919 996 936 ‚
1018 891 1123 942 quod
1147 890 1184 929 in
1200 892 1378 932 Homero

108 955 272 997 quoque
282 944 490 996 praecedit,
504 942 546 982 δι
562 942 607 980 ad
621 941 666 980 δὲ
685 939 858 981 refertur.
878 941 949 982 Sed
963 941 1004 981 &
1016 943 1091 982 hoc
1110 943 1220 997 saepe
1231 945 1380 985 omitti-

106 1008 192 1044 tur3
208 997 282 1036 vid.
295 996 396 1050 supr.
413 997 459 1036 de
474 996 592 1035 Merc.
610 995 726 1035 cond.
745 1007 778 1035 c.
790 1010 827 1044 4.
841 995 953 1035 Plura
965 996 1101 1037 addere
1116 1000 1300 1052 temporis
1313 1012 1380 1040 an-

106 1050 232 1104 gustia
247 1051 595 1105 prohibet.R151Tz.

164 1108 238 1144 ead.
255 1105 279 1143 l.
296 1119 334 1158 9.
344 1104 418 1144 Τῶν
439 1102 590 1143 πολλῶν
604 1102 762 1156 )“Ῑ]πιινη
777 1119 794 1142 e
806 1104 935 1153 multis,
959 1119 1044 1157 quae
1051 1104 1154 1156 firire
1165 1107 1203 1145 de
1230 1106 1376 1148 inantus.

108 1156 251 1200 BROD.
263 1160 326 1198 An
337 1157 410 1197 τῶν
423 1157 574 1196 πολλῶν
589 1171 624 1196 τι
638 1172 649 1205 ;
665 1156 836 1198 Ουγετ.

159 1214 236 1252 ead.
250 1213 274 1251 l.
293 1227 308 1252 1
317 1227 352 1252 2.
363 1210 567 1264 Ἀγούσης)
579 1211 750 1264 Intellige
765 1210 830 1251 τῆς
841 1210 940 1251 ὅδόῦ.
954 1212 1095 1252 BROD.

163 1269 239 1307 ead.
250 1267 274 1305 l.
293 1266 350 1305 16.
361 1265 412 1314 1⁸33
425 1265 609 1318 πλεούσῃ)
622 1265 732 1316 Quid
745 1265 823 1305 hoc
835 1265 894 1311 fit,
907 1265 1050 1306 nescire
1064 1279 1125 1306 me
1136 1265 1271 1307 fateor.
1288 1268 1378 1309 For-

107 1319 173 1359 san
188 1319 358 1369 πνεούσῃ.
377 1319 449 1359 Sed
466 1332 590 1370 neque
609 1318 660 1358 sic
681 1319 764 1358 satis
776 1349 790 1365 ,
802 1320 903 1358 unde
917 1320 1078 1366 habeat,
1096 1320 1281 1373 assequor.
1298 1323 1377 1363 So-

109 1385 208 1415 ιΑΝ.
221 1373 498 1426 Interpretatus
518 1373 598 1412 sum
620 1385 700 1412 non
719 1371 767 1422 τῇ
786 1374 952 1422 πλεούσῃ
969 1373 1045 1414 scil.
1071 1374 1147 1420 vni,
1161 1377 1243 1414 navi
1261 1378 1375 1427 eunti,

106 1428 213 1481 quod
235 1426 398 1467 insolens
417 1427 505 1466 mihi
521 1427 732 1473 videbatur,
747 1426 807 1465 sed
829 1426 934 1479 quafi
952 1428 1143 1480 legeretur
1160 1429 1376 1470 tenuiffima

110 1483 326 1522 mutatione
343 1482 498 1530 πνεούσῃ
511 1511 521 1528 ,
536 1480 707 1534 spiranti,
721 1481 901 1519 nimirum
920 1480 1016 1532 αὔρᾳ
1029 1498 1144 1522 aurae.
1161 1484 1198 1519 V
1195 1484 1246 1521 ela
1267 1486 1376 1524 ventis

107 1538 189 1575 dare
201 1565 212 1583 ,
233 1551 353 1575 navem
366 1537 474 1590 austro
483 1537 666 1586 permittere
677 1565 688 1582 ,
704 1533 888 1573 solemnia
905 1533 990 1574 sunt
1002 1564 1013 1582 .,
1031 1536 1073 1575 &
1087 1534 1296 1577 sexcenties
1312 1539 1377 1579 tali

106 1589 148 1629 in
160 1602 205 1630 re
215 1589 405 1641 usurpata.
419 1589 547 1629 GESN.
559 1589 734 1628 Omnino
749 1587 929 1628 assentior
941 1588 1017 1628 lac.
1031 1588 1187 1630 Elsnero
1198 1621 1211 1637 ‚
1225 1592 1269 1630 ad
1283 1592 1374 1633 Aet.

107 1642 244 1696 Apost.
255 1642 411 1684 XXVII
422 1671 434 1688 ,
449 1655 510 1694 15,
521 1657 558 1695 p.
573 1656 624 1682 m.
638 1642 729 1696 483,
744 1643 917 1682 monenti
926 1642 1082 1694 πνεούσῃ
1094 1643 1313 1696 legendum,
1322 1647 1378 1686 in-

109 1697 262 1738 telleEto
276 1697 384 1749 αὔρᾳ,
405 1697 525 1736 veluti
544 1697 630 1736 eod.
651 1708 733 1749 cap.
750 1711 788 1736 v.
803 1710 855 1745 40
866 1727 878 1743 ‚
892 1697 1102 1748 ἐπάραντες
1114 1703 1176 1738 τὸν
1191 1699 1376 1750 ἀρτέμονω

107 1750 158 1800 ‘¹2³
175 1749 339 1799 πνεούσῃ.
363 1749 490 1802 Quod
508 1750 679 1803 pluribus
703 1749 885 1790 affertum
902 1751 976 1789 vid.
1001 1751 1153 1791 ibidem.
1178 1752 1255 1791 Etfi
1274 1755 1375 1793 enim

109 1803 288 1854 πλεούσῃ,
301 1804 493 1844 intelle&o
507 1803 580 1851 vni,
599 1804 762 1857 aliquem
777 1803 921 1843 sensum
938 1804 1078 1845 habere
1097 1806 1263 1854 videtur,
1282 1807 1377 1846 alte·

106 1871 194 1898 rum
206 1869 335 1897 tamen
348 1858 463 1910 longe
475 1858 626 1898 melius:
643 1871 730 1896 nam
749 1857 777 1896 st
794 1859 838 1896 ad
853 1857 1073 1907 λυσάμενος,
1091 1872 1262 1912 quocum
1283 1873 1377 1900 con-

110 1913 319 1954 menendus
337 1911 390 1951 est
403 1911 550 1958 sensus,
564 1911 761 1965 respicias,
781 1911 926 1951 videbis
945 1912 1085 1952 reelius
1101 1914 1328 1964 procedere,
1347 1914 1376 1954 fi

111 1978 234 2006 vento
247 1976 285 2005 te
297 1966 452 2005 credere
465 1966 616 2012 dicaris,
628 1965 828 2018 postquam
841 1966 914 2005 iam
928 1964 1054 2004 soluta
1068 1966 1112 2006 fit
1125 1968 1246 2013 navis,
1259 1981 1377 2020 quam

109 2020 222 2067 navi,
234 2020 298 2059 cui
311 2030 349 2058 te
363 2018 588 2059 commififfe
602 2020 673 2060 dici
686 2019 814 2072 potius
825 2019 982 2060 deberes
997 2032 1086 2060 ante
1097 2051 1108 2069 ‚
1122 2034 1237 2074 quam
1252 2020 1377 2062 solve·

112 2085 232 2114 retur.
252 2074 401 2113 Rnrz.

165 2128 248 2166 ibid.
259 2130 316 2166 Tb.
327 2125 500 2180 ἀπόγεια
511 2126 738 2180 λυσάμενος)
756 2127 828 2178 Qui
841 2128 908 2166 iam
923 2142 1001 2166 oras
1013 2128 1192 2179 resolverit.
1208 2129 1349 2169 BROD.

166 2182 203 2220 in
217 2181 329 2221 schol.
341 2181 365 2220 l.
379 2195 416 2221 2.
429 2181 562 2233 Πλέοι)
577 2185 708 2220 Πλεοις
719 2182 861 2220 editum
874 2180 997 2221 fuerat
1007 2195 1019 2229 3
1031 2183 1091 2221 led
1102 2185 1209 2222 πλέοι
1224 2184 1261 2222 in
1273 2184 1322 2222 V.
1333 2184 1377 2224 δι

111 2235 168 2274 Μ.
183 2235 257 2288 legi
281 2245 486 2275 notaverat
501 2234 616 2274 Solan
624 2247 685 2274 us:
709 2236 836 2287 itaque
853 2235 905 2274 illi
923 2236 1073 2287 quidem
1095 2237 1350 2277 obl'ecundavi
1362 2265 1379 2284 ,

108 2287 177 2328 etfi
190 2290 320 2329 πλέοις
339 2300 476 2328 verum
489 2289 639 2328 credam
651 2303 662 2336 ;
676 2301 762 2328 nam
776 2289 816 2328 δε
838 2288 889 2329 sic
906 2290 1017 2328 edidit
1028 2290 1171 2329 Hemst.
1185 2291 1222 2329 in
1244 2290 1378 2344 fragm.

111 2342 312 2383 Menandr.
324 2343 364 2382 &
375 2341 535 2382 secunda
546 2341 705 2395 persona
721 2343 939 2395 proverbiis
950 2344 1119 2396 propria.
1138 2344 1286 2384 Rmz.

159 2396 253 2450 Pag.
267 2396 329 2450 38.
342 2397 365 2437 l.
378 2396 416 2436 8.
429 2396 654 2450 Παραπολὺ)
669 2397 866 2437 Brodaeus
877 2398 1276 2490 ἰηνεηιὶηἱπαιπόω,
1293 2411 1379 2440 mo-

1112 2466 1133 2491 2
