1768 3185
128 253 199 299 IN
214 251 563 324 QUOMODO
584 252 743 298 HIST.
757 253 864 299 SIT
881 253 1145 302 CONSCR.
1219 272 1314 322 517

34 350 147 382 tatus
161 340 215 382 est
226 341 430 395 legendum
446 341 693 394 προσιόντων,
713 355 792 383 non
806 343 934 385 credo.
945 343 1034 385 vid.
1053 344 1238 386 Nostrum
1252 348 1311 387 in-

35 393 97 435 fra
111 395 157 435 de
169 395 286 459 Ιηιειξ.
301 408 334 435 c.
348 396 372 434 6
387 395 413 435 f.
427 397 469 436 δι
482 408 515 434 c.
533 409 582 434 20
596 397 692 435 med.
705 397 848 437 Rnrz.

48 467 50 469 ·
89 450 164 487 ead.
179 449 202 488 l.
217 462 254 499 7.
281 449 579 502 lnn05)v.1>1ut.
596 463 693 502 299,
713 465 744 490 1.
760 451 1016 498 Tarentinus,
1030 452 1069 490 81
1083 451 1169 493 hinc
1185 465 1310 494 emen-

36 501 83 542 da
99 501 304 542 Aelianum
329 503 404 548 xl,
428 517 468 553 7,
490 503 591 555 apud
612 517 728 555 quem
750 506 848 545 male
862 504 1034 545 scribitur
1049 501 1310 558 Ἴκχος.νίἀε

35 556 152 596 etiam
167 555 256 595 Plat.
271 557 349 604 647
365 555 412 595 C.
430 557 496 609 qui
514 570 602 595 eum
619 567 706 596 toto
721 560 1003 598 exercitationis
1028 571 1202 611 tempore
1213 590 1224 608 ,
1240 573 1311 600 ve-

38 621 130 649 nete
162 608 378 650 abstinuisse
401 611 525 648 tradit.
547 609 633 648 Fuit
661 611 701 651 δι
722 611 830 653 lecus
853 613 1087 652 Tarentinus
1107 611 1327 668 Pythago-¹

38 675 148 709 reus,
169 663 301 703 lambi.
315 677 351 716 p.
369 664 446 702 216
460 663 503 703 B.
519 663 678 703 SOLAN.

92 718 172 756 ibid.
185 716 370 769 ‘aposignz
381 717 399 770 )
412 717 526 770 Angl.
537 716 734 768 Ἡρὸἓικος.
748 719 923 759 BOURD.
935 719 1120 771 Ἧρὸἒικος
1133 733 1180 760 ex
1201 721 1249 760 A.
1263 721 1310 760 P.

38 769 82 810 δι
93 770 220 811 Schol.
238 770 491 818 restituimus,
507 770 600 810 loco
615 772 722 825 vulg.
737 772 935 825 Ἡροὸίζης.
953 774 1187 814 Herodicum
1203 776 1308 815 enim

41 825 204 865 invenio
217 824 406 864 celebrem
423 824 666 876 gymnastam
681 855 692 871 ,
710 826 834 879 (apud
855 827 946 866 Plat.
965 832 1057 866 Πολ.
1072 828 1148 874 111,
1163 842 1241 878 440
1260 828 1309 868 C.

39 877 94 918 D.
107 879 162 918 ed.
177 877 258 918 Bas.
274 880 314 918 &
329 892 404 932 337
419 879 462 918 B.
478 877 518 917 &
531 879 631 931 apud
644 879 740 918 Plut.
759 880 851 934 983,
867 882 931 928 2.)
949 881 1179 922 Herodizem
1192 883 1308 921 nulli-

39 932 90 971 bi.
104 932 148 971 In
161 932 328 972 Platonis
347 931 558 984 Protagora
572 945 658 985 pag.
678 934 748 985 196
763 934 806 973 B.
821 935 879 974 ed.
893 935 974 974 Bas.
989 936 1173 988 coniungi
1190 936 1307 975 etiam

39 986 155 1026 lecum
170 986 210 1026 &
222 987 431 1026 Herodicum
445 987 695 1026 commodum
710 998 843 1027 monet
863 988 892 1027 Ι.
906 988 939 1027 la
956 988 984 1026 F
987 1002 1065 1041 aye
1079 990 1137 1029 vir
1150 989 1312 1030 doetissi-

40 1053 138 1080 mus.
158 1039 220 1081 Cf.
236 1040 404 1080 Suidam.
417 1040 575 1080 SOLAN.
587 1041 665 1079 Vix
681 1041 840 1081 dubitari
855 1041 991 1095 potest,
1006 1044 1100 1095 quin
1115 1044 1309 1083 Lucianus

41 1094 80 1133 in
99 1094 232 1134 animo
252 1094 424 1134 habuerit
448 1095 685 1134 Herodicum
702 1095 828 1143 illum,
849 1097 895 1135 de
915 1108 999 1149 quo
1020 1097 1129 1137 Plato
1149 1097 1195 1137 de
1211 1098 1310 1151 Rep.

45 1161 134 1201 3‚·p.
148 1161 226 1197 440
237 1147 282 1188 C.
294 1147 478 1200 Ἡρόδικος
492 1148 739 1200 παιὲοτρίβης
754 1148 813 1195 ὢν,
835 1150 898 1189 καὶ
914 1150 1076 1191 νοσώέης
1094 1152 1312 1204 γενόμενος,

37 1201 158 1254 μίξας
169 1203 432 1256 ’γυμναστικὴν
454 1201 601 1252 ἰατρικῖῖ
614 1233 626 1248 ,
644 1204 852 1242 ἀπέκναισε
874 1204 1093 1255 πρῶτονμὲν
1112 1206 1176 1244 καὶ
1188 1206 1312 1255 μαλι-

42 1269 124 1295 στα
136 1254 283 1301 ἑαυτὴν,
297 1255 419 1295 ἔπειτ’
430 1255 572 1295 ἄλλους
587 1253 733 1308 ὕστερον
749 1257 927 1297 πολλοὺς.
941 1259 1015 1297 Hic
1029 1259 1142 1311 igitur
1155 1272 1312 1298 accura-

41 1319 105 1349 tae
118 1310 215 1349 illius
228 1310 455 1349 athletarum
468 1310 612 1349 diaetae
625 1311 762 1350 auctor
773 1312 936 1350 videtur.
947 1313 1051 1352 Hinc
1063 1314 1185 1366 iungit
1195 1314 1311 1352 etiam

40 1363 271 1403 Themistius
289 1364 362 1403 Or.
379 1378 442 1417 23,
465 1377 501 1414 p.
521 1377 596 1417 290
615 1364 663 1404 A.
679 1362 993 1404 Harduin.’‘1mv
1012 1369 1074 1405 τὸν
1086 1366 1314 1420 ymmo-rhu

44 1419 107 1457 τοι
126 1417 341 1470 Ταραντῖνον
374 1419 414 1456 ὅ(
435 1417 615 1469 “Ηρὸδ“ικον
638 1420 702 1456 τὀν
723 1420 999 1470 Συλνιμβριανον
1015 1420 1113 1473 (leg.
1138 1421 1214 1459 vid.
1239 1427 1314 1461 Ση-

43 1472 211 1523 λυμβρ.)
234 1470 490 1522 παιδοτρίβην.
515 1471 664 1524 Nempe
685 1472 906 1524 Ταραντῖνον
928 1469 1044 1512 Ἴκκον
1069 1473 1313 1515 abstinentiae

43 1525 244 1566 athleticae
258 1527 414 1565 nomine
430 1525 678 1565 vehementer
690 1525 817 1565 laudat
831 1527 926 1566 idem
943 1526 1055 1566 Plato
1065 1528 1110 1567 de
1122 1528 1210 1581 Leg.
1225 1529 1262 1577 8,
1276 1543 1315 1581 p.

42 1579 122 1631 647
135 1578 183 1620 C.
196 1583 242 1617 Tb
259 1583 364 1629 μετὰ
377 1578 444 1617 τοῦ
461 1580 646 1630 σωφρονεῖν
661 1579 824 1632 ἀνδρεῖον
838 1580 871 1619 ἑν
884 1579 930 1630 ‘rh'
942 1579 1060 1633 ’ψυχῖῐ
1074 1582 1316 1632 κεκτημένος,

43 1627 93 1672 ὃς
106 1632 236 1687 λόγος,
259 1633 343 1672 οὔτε
358 1637 451 1672 τινος
464 1634 624 1673 πώποτε
636 1637 816 1686 ’γυναικὸς
828 1630 958 1684 ἥψατο
970 1663 982 1681 ,
1004 1633 1080 1674 cds‘
1100 1630 1152 1674 αὖ
1171 1636 1316 1676 παιδος

44 1685 80 1726 ἒν
92 1686 154 1735 ’ὅλῃ
171 1685 218 1737 τῇ
231 1685 298 1726 τῆς
313 1686 507 1726 ἀσκήσεως
519 1686 637 1737 ἀκμᾷ.
653 1687 699 1726 Et
713 1687 877 1727 Eustath.
892 1689 936 1726 ad
951 1687 1070 1741 Diog.
1082 1688 1225 1741 Perieg.
1239 1689 1316 1742 376

44 1740 92 1780 de
106 1740 190 1790 illo,
207 1740 270 1780 ἐπὶ
281 1741 362 1786 βίου
376 1737 562 1789 εὐτελείᾳ,
576 1742 723 1794 inquit,
738 1742 790 1781 εἰς
803 1743 1006 1793 παροιμίαν
1021 1743 1160 1790 κεῖται,
1172 1744 1238 1781 τὴν
1257 1743 1318 1782 λε’-

45 1808 191 1848 γουσοιν
203 1794 320 1834 ’innoti
339 1794 500 1842 θεῖοι-νον,
516 1795 579 1834 ἐπὶ
592 1795 663 1833 τῶν
676 1795 890 1844 ἀπερίττως
912 1795 1165 1835 samm-mv.
1182 1796 1245 1835 De
1260 1797 1317 1836 his

44 1848 163 1901 igitur
184 1861 274 1888 cum
297 1848 468 1894 constet,
486 1848 578 1888 illud
595 1849 722 1887 mirari
746 1848 864 1895 subit,
879 1862 948 1888 cur
963 1850 1010 1888 ab
1025 1849 1162 1888 Aldina
1177 1851 1318 1889 editio-

46 1915 96 1942 ne
110 1901 335 1942 discesserint
349 1901 548 1955 sequentes
559 1932 572 1948 ,
587 1902 694 1954 quod
708 1904 849 1951 norim,
862 1915 1013 1948 omnes,
1027 1904 1240 1942 omittenda
1253 1916 1317 1943 ne-

48 1956 206 2009 gatione
221 1957 318 1996 inter
341 1955 571 2008 ’γυμναστὴς
586 1956 626 1995 &
645 1951 898 2009 ὑπόσχοιντο,
919 1970 1003 2008 quo
1025 1956 1127 1996 farcio
1150 1957 1319 1997 tenebris

47 2011 179 2049 omnia
200 2009 284 2050 sunt
305 2009 448 2058 obsita,
471 2023 567 2062 quas
587 2009 740 2049 redu&a
764 2023 867 2049 nunc
883 2011 1041 2062 antiqua
1058 2010 1191 2058 lectio,
1208 2012 1246 2050 δι
1263 2012 1318 2049 in-

47 2065 274 2117 terpretatio
299 2063 350 2103 illi
377 2064 687 2110 accommodata,
703 2063 882 2117 dispellit:
905 2063 972 2102 nlsl
989 2064 1093 2116 quod
1110 2065 1210 2104 circa
1233 2065 1318 2102 Per-

47 2118 175 2157 diccam
189 2118 403 2157 celebratae
417 2117 685 2157 imbecillitatis
702 2117 895 2157 hominem
913 2118 1111 2157 difficultas
1131 2118 1318 2170 superest,-

78 2185 165 2211 uam
179 2172 230 2211 ita
243 2172 435 2211 minuebat
448 2170 463 2209 ὃ
478 2172 578 2211 πάνυ
591 2170 802 2218 Graevius,
814 2184 858 2211 ut
867 2173 998 2219 verba,
1010 2184 1108 2223 quae
1121 2173 1320 2221 parenthe-

48 2185 317 2266 iiincludenda
335 2237 535 2278 putamus,
551 2237 629 2263 non
653 2225 850 2271 Luciano,
873 2225 933 2264 sed
955 2225 1183 2265 Scholiastae
1204 2226 1318 2264 alicui

0 2318 3 2328 ,
50 2280 247 2320 tribueret.
263 2278 446 2319 Ceterum
461 2279 507 2318 de
530 2278 703 2318 Perdicca
726 2279 817 2317 nihil
838 2280 988 2318 monuit
1012 2291 1221 2331 praeterea.
1241 2279 1320 2317 Ve-

2 2362 3 2368 ,
52 2345 140 2373 rum
156 2345 235 2373 non
249 2332 407 2373 absurde
419 2333 482 2372 hic
497 2333 730 2372 mentionem
751 2333 834 2373 fieri
850 2333 1018 2375 hominis
1030 2363 1041 2378 ,
1063 2346 1154 2384 prae
1177 2333 1321 2372 amoris

54 2387 286 2439 impatientia
298 2387 623 2432 κατεσκληκότος,
637 2398 677 2425 ut
694 2387 753 2426 hic
771 2387 920 2432 dicitur,
936 2397 1021 2432 aut,
1036 2398 1078 2425 ut
1096 2386 1322 2426 Plutarchus

55 2440 225 2482 describit
244 2441 282 2479 in
298 2440 502 2480 Demetrio
523 2455 560 2493 p.
579 2441 672 2480 1661
694 2441 743 2479 H.
770 2440 897 2492 Steph.
921 2439 1052 2491 τρόπον
1077 2437 1323 2493 ἀπαλλαγῆς

56 2492 127 2533 τοῦ
143 2495 218 2539 βίου
241 2493 446 2545 ζητοῦντος,
467 2495 527 2532 καὶ
549 2492 754 2544 παραλύειν
771 2493 920 2544 ἀτρέμα
938 2494 998 2530 καὶ
1011 2496 1211 2544 Ξςεραπείας
1228 2494 1323 2541 ἀμε-

59 2549 142 2599 λείᾳ
153 2578 165 2598 ,
180 2547 242 2588 καὶ
257 2547 390 2600 τροφᾶς
406 2546 564 2602 ἀποχῇ·ι
578 2548 663 2587 talis
673 2577 686 2594 ,
701 2548 858 2602 inquam
871 2578 882 2597 ,
900 2547 1066 2641 ὴοὶῐὲπίἓὶε
1081 2547 1179 2588 haud
1193 2545 1323 2587 absur-
