<?xml version="1.0" encoding="UTF-8"?>
<!DOCTYPE html PUBLIC "-//W3C//DTD XHTML 1.0 Transitional//EN"
    "http://www.w3.org/TR/xhtml1/DTD/xhtml1-transitional.dtd">
<html xmlns="http://www.w3.org/1999/xhtml" xml:lang="en" lang="en">
 <head>
  <title>
</title>
<meta http-equiv="Content-Type" content="text/html;charset=utf-8" />
  <meta name='ocr-system' content='tesseract 3.04.00' />
  <meta name='ocr-capabilities' content='ocr_page ocr_carea ocr_par ocr_line ocrx_word'/>
</head>
<body>
  <div class='ocr_page' id='page_1' title='image "./operagraeceetlat04luciuoft/operagraeceetlat04luciuoft_0510.png"; bbox 0 0 1841 3180; ppageno 0'>
   <div class='ocr_carea' id='block_1_1' title="bbox 1786 0 1827 487">
    <p class='ocr_par' dir='ltr' id='par_1_1' title="bbox 1786 0 1827 487">
     <span class='ocr_line' id='line_1_1' title="bbox 1786 0 1827 487; baseline 0 -50"><span class='ocrx_word' id='word_1_1' title='bbox 1786 0 1827 487; x_wconf 95' lang='lat' dir='ltr'>     </span> 
     </span>
    </p>
   </div>
   <div class='ocr_carea' id='block_1_2' title="bbox 530 207 1612 270">
    <p class='ocr_par' dir='ltr' id='par_1_2' title="bbox 530 207 1612 270">
     <span class='ocr_line' id='line_1_2' title="bbox 530 207 1612 270; baseline -0.001 -13"><span class='ocrx_word' id='word_1_2' title='bbox 530 224 617 270; x_wconf 78' lang='lat'>502</span> <span class='ocrx_word' id='word_1_3' title='bbox 722 207 1612 256; x_wconf 79' lang='lat' dir='ltr'><strong>ANNOTATIONES</strong></span> 
     </span>
    </p>
   </div>
   <div class='ocr_carea' id='block_1_3' title="bbox 523 297 1841 2571">
    <p class='ocr_par' dir='ltr' id='par_1_3' title="bbox 523 297 1841 2571">
     <span class='ocr_line' id='line_1_3' title="bbox 523 297 1796 350; baseline -0.001 -9"><span class='ocrx_word' id='word_1_4' title='bbox 523 299 565 341; x_wconf 84' lang='lat' dir='ltr'>lo</span> <span class='ocrx_word' id='word_1_5' title='bbox 578 315 609 342; x_wconf 91' lang='lat' dir='ltr'>c.</span> <span class='ocrx_word' id='word_1_6' title='bbox 626 315 641 341; x_wconf 84' lang='lat'>1</span> <span class='ocrx_word' id='word_1_7' title='bbox 655 315 687 346; x_wconf 74' lang='grc' dir='ltr'>ι,</span> <span class='ocrx_word' id='word_1_8' title='bbox 711 301 777 341; x_wconf 87' lang='lat' dir='ltr'>ubi</span> <span class='ocrx_word' id='word_1_9' title='bbox 795 314 876 341; x_wconf 81' lang='lat' dir='ltr'>vox</span> <span class='ocrx_word' id='word_1_10' title='bbox 892 298 1014 338; x_wconf 77' lang='lat' dir='ltr'>affinis</span> <span class='ocrx_word' id='word_1_11' title='bbox 1029 297 1188 350; x_wconf 72' lang='grc' dir='ltr'><strong><em>περιβὺω</em></strong></span> <span class='ocrx_word' id='word_1_12' title='bbox 1207 298 1420 339; x_wconf 82' lang='lat' dir='ltr'><strong>adhibetur.</strong></span> <span class='ocrx_word' id='word_1_13' title='bbox 1434 299 1593 340; x_wconf 74' lang='lat' dir='ltr'><strong>SOLAN.</strong></span> <span class='ocrx_word' id='word_1_14' title='bbox 1619 298 1723 340; x_wconf 77' lang='lat' dir='ltr'>Infra</span> <span class='ocrx_word' id='word_1_15' title='bbox 1736 312 1796 340; x_wconf 88' lang='lat' dir='ltr'>ve-</span> 
     </span>
     <span class='ocr_line' id='line_1_4' title="bbox 525 350 1795 408; baseline -0.004 -13"><span class='ocrx_word' id='word_1_16' title='bbox 525 368 573 395; x_wconf 84' lang='lat' dir='ltr'>ro</span> <span class='ocrx_word' id='word_1_17' title='bbox 593 356 692 396; x_wconf 83' lang='lat' dir='ltr'>Gall.</span> <span class='ocrx_word' id='word_1_18' title='bbox 715 369 746 396; x_wconf 92' lang='lat' dir='ltr'>c.</span> <span class='ocrx_word' id='word_1_19' title='bbox 767 370 777 392; x_wconf 84' lang='grc' dir='ltr'>ι</span> <span class='ocrx_word' id='word_1_20' title='bbox 793 371 805 394; x_wconf 91' lang='lat'><em>1</em></span> <span class='ocrx_word' id='word_1_21' title='bbox 826 355 888 399; x_wconf 86' lang='lat' dir='ltr'>ait,</span> <span class='ocrx_word' id='word_1_22' title='bbox 902 352 1173 404; x_wconf 73' lang='grc' dir='ltr'>περιβύσαντες</span> <span class='ocrx_word' id='word_1_23' title='bbox 1186 350 1421 407; x_wconf 64' lang='grc' dir='ltr'>ὑπαυχένια.</span> <span class='ocrx_word' id='word_1_24' title='bbox 1435 354 1482 396; x_wconf 90' lang='lat' dir='ltr'>Et</span> <span class='ocrx_word' id='word_1_25' title='bbox 1493 352 1605 408; x_wconf 83' lang='lat' dir='ltr'>supra</span> <span class='ocrx_word' id='word_1_26' title='bbox 1620 354 1666 393; x_wconf 85' lang='lat' dir='ltr'>de</span> <span class='ocrx_word' id='word_1_27' title='bbox 1678 353 1795 396; x_wconf 65' lang='lat' dir='ltr'>Mete,</span> 
     </span>
     <span class='ocr_line' id='line_1_5' title="bbox 527 406 1310 463; baseline -0.004 -14"><span class='ocrx_word' id='word_1_28' title='bbox 527 411 638 450; x_wconf 86' lang='lat' dir='ltr'>cond.</span> <span class='ocrx_word' id='word_1_29' title='bbox 655 422 687 449; x_wconf 93' lang='lat' dir='ltr'>c.</span> <span class='ocrx_word' id='word_1_30' title='bbox 709 424 772 463; x_wconf 83' lang='lat'>32,</span> <span class='ocrx_word' id='word_1_31' title='bbox 796 406 1158 457; x_wconf 71' lang='grc' dir='ltr'>συμπαραβύσωσιν.</span> <span class='ocrx_word' id='word_1_32' title='bbox 1181 407 1310 446; x_wconf 79' lang='lat' dir='ltr'>IDEM.</span> 
     </span>
     <span class='ocr_line' id='line_1_6' title="bbox 581 459 1800 514; baseline -0.001 -13"><span class='ocrx_word' id='word_1_33' title='bbox 581 466 653 502; x_wconf 72' lang='lat' dir='ltr'>ead.</span> <span class='ocrx_word' id='word_1_34' title='bbox 670 463 692 501; x_wconf 88' lang='lat' dir='ltr'>l.</span> <span class='ocrx_word' id='word_1_35' title='bbox 708 477 720 502; x_wconf 87' lang='lat'>1</span> <span class='ocrx_word' id='word_1_36' title='bbox 734 477 766 501; x_wconf 87' lang='lat'>1.</span> <span class='ocrx_word' id='word_1_37' title='bbox 781 460 1060 514; x_wconf 63' lang='grc' dir='ltr'>Ἐ’γχρὴζονται)</span> <span class='ocrx_word' id='word_1_38' title='bbox 1086 459 1253 513; x_wconf 80' lang='lat' dir='ltr'>Castigat</span> <span class='ocrx_word' id='word_1_39' title='bbox 1275 460 1496 513; x_wconf 84' lang='lat' dir='ltr'>scriptorem</span> <span class='ocrx_word' id='word_1_40' title='bbox 1512 459 1715 508; x_wconf 79' lang='lat' dir='ltr'>historiae,</span> <span class='ocrx_word' id='word_1_41' title='bbox 1732 461 1800 513; x_wconf 82' lang='lat' dir='ltr'>qui</span> 
     </span>
     <span class='ocr_line' id='line_1_7' title="bbox 529 513 1802 565; baseline -0.002 -10"><span class='ocrx_word' id='word_1_42' title='bbox 529 518 614 556; x_wconf 82' lang='lat' dir='ltr'>alibi</span> <span class='ocrx_word' id='word_1_43' title='bbox 632 517 750 555; x_wconf 85' lang='lat' dir='ltr'>multa</span> <span class='ocrx_word' id='word_1_44' title='bbox 795 517 938 562; x_wconf 73' lang='lat' dir='ltr'>Oenea,</span> <span class='ocrx_word' id='word_1_45' title='bbox 951 514 1042 553; x_wconf 82' lang='lat' dir='ltr'>alibi</span> <span class='ocrx_word' id='word_1_46' title='bbox 1055 514 1200 565; x_wconf 84' lang='lat' dir='ltr'>plebeia</span> <span class='ocrx_word' id='word_1_47' title='bbox 1215 515 1257 555; x_wconf 71' lang='grc' dir='ltr'>δι</span> <span class='ocrx_word' id='word_1_48' title='bbox 1269 514 1431 554; x_wconf 81' lang='lat' dir='ltr'>barbara</span> <span class='ocrx_word' id='word_1_49' title='bbox 1443 514 1635 554; x_wconf 79' lang='lat' dir='ltr'>vocabula</span> <span class='ocrx_word' id='word_1_50' title='bbox 1647 513 1733 555; x_wconf 85' lang='lat' dir='ltr'>suae</span> <span class='ocrx_word' id='word_1_51' title='bbox 1747 516 1802 553; x_wconf 87' lang='lat' dir='ltr'>in-</span> 
     </span>
     <span class='ocr_line' id='line_1_8' title="bbox 527 567 1775 622; baseline -0.001 -12"><span class='ocrx_word' id='word_1_52' title='bbox 527 582 705 610; x_wconf 82' lang='lat' dir='ltr'>texuerat</span> <span class='ocrx_word' id='word_1_53' title='bbox 718 570 768 608; x_wconf 71' lang='lat' dir='ltr'>his</span> <span class='ocrx_word' id='word_1_54' title='bbox 788 570 905 608; x_wconf 85' lang='lat' dir='ltr'>oriae.</span> <span class='ocrx_word' id='word_1_55' title='bbox 917 568 1020 607; x_wconf 86' lang='lat' dir='ltr'>Inter</span> <span class='ocrx_word' id='word_1_56' title='bbox 1036 568 1182 620; x_wconf 86' lang='lat' dir='ltr'>plebeia</span> <span class='ocrx_word' id='word_1_57' title='bbox 1195 569 1308 607; x_wconf 79' lang='lat' dir='ltr'>etiam</span> <span class='ocrx_word' id='word_1_58' title='bbox 1325 568 1378 608; x_wconf 88' lang='lat' dir='ltr'>est</span> <span class='ocrx_word' id='word_1_59' title='bbox 1391 570 1443 606; x_wconf 76' lang='grc' dir='ltr'>τὲι</span> <span class='ocrx_word' id='word_1_60' title='bbox 1459 567 1711 622; x_wconf 64' lang='grc' dir='ltr'>ἐγχρῄζοντα.</span> <span class='ocrx_word' id='word_1_61' title='bbox 1726 568 1775 609; x_wconf 88' lang='lat' dir='ltr'>Se</span> 
     </span>
     <span class='ocr_line' id='line_1_9' title="bbox 528 621 1800 675; baseline 0 -12"><span class='ocrx_word' id='word_1_62' title='bbox 528 625 637 664; x_wconf 86' lang='lat' dir='ltr'>locus</span> <span class='ocrx_word' id='word_1_63' title='bbox 652 623 714 662; x_wconf 83' lang='lat' dir='ltr'>iile</span> <span class='ocrx_word' id='word_1_64' title='bbox 726 623 776 664; x_wconf 76' lang='lat' dir='ltr'>stc</span> <span class='ocrx_word' id='word_1_65' title='bbox 792 624 945 662; x_wconf 84' lang='lat' dir='ltr'>videtur</span> <span class='ocrx_word' id='word_1_66' title='bbox 959 621 1033 662; x_wconf 82' lang='lat' dir='ltr'>effe</span> <span class='ocrx_word' id='word_1_67' title='bbox 1055 622 1382 675; x_wconf 81' lang='lat' dir='ltr'>interpungendus</span> <span class='ocrx_word' id='word_1_68' title='bbox 1394 622 1436 661; x_wconf 78' lang='grc' dir='ltr'>δι</span> <span class='ocrx_word' id='word_1_69' title='bbox 1448 623 1719 675; x_wconf 85' lang='lat' dir='ltr'>corrigendus:</span> <span class='ocrx_word' id='word_1_70' title='bbox 1739 623 1800 663; x_wconf 67' lang='lat' dir='ltr'>m*</span> 
     </span>
     <span class='ocr_line' id='line_1_10' title="bbox 533 674 1802 729; baseline -0.002 -13"><span class='ocrx_word' id='word_1_71' title='bbox 533 677 564 716; x_wconf 84' lang='grc' dir='ltr'>οἱ</span> <span class='ocrx_word' id='word_1_72' title='bbox 585 677 824 729; x_wconf 70' lang='grc' dir='ltr'><strong><em>στρατιῶται</em></strong></span> <span class='ocrx_word' id='word_1_73' title='bbox 847 675 1026 729; x_wconf 56' lang='grc' dir='ltr'>ἠγόραζον</span> <span class='ocrx_word' id='word_1_74' title='bbox 1049 679 1102 714; x_wconf 69' lang='grc' dir='ltr'>τὰ</span> <span class='ocrx_word' id='word_1_75' title='bbox 1123 676 1367 728; x_wconf 61' lang='grc' dir='ltr'>ἐγχρῄζοντα</span> <span class='ocrx_word' id='word_1_76' title='bbox 1378 705 1389 721; x_wconf 73' lang='grc'>,</span> <span class='ocrx_word' id='word_1_77' title='bbox 1416 676 1480 714; x_wconf 64' lang='grc' dir='ltr'>καὶ</span> <span class='ocrx_word' id='word_1_78' title='bbox 1500 674 1572 714; x_wconf 57' lang='lat' dir='ltr'>usn</span> <span class='ocrx_word' id='word_1_79' title='bbox 1594 676 1802 724; x_wconf 74' lang='grc' dir='ltr'>λελουμένοι</span> 
     </span>
     <span class='ocr_line' id='line_1_11' title="bbox 530 728 1804 784; baseline 0 -15"><span class='ocrx_word' id='word_1_80' title='bbox 530 732 612 780; x_wconf 67' lang='grc' dir='ltr'>περὶ</span> <span class='ocrx_word' id='word_1_81' title='bbox 624 728 726 770; x_wconf 69' lang='grc' dir='ltr'>αὐτὰ</span> <span class='ocrx_word' id='word_1_82' title='bbox 739 730 915 784; x_wconf 68' lang='grc' dir='ltr'>ἐγίνοντο,</span> <span class='ocrx_word' id='word_1_83' title='bbox 931 731 966 768; x_wconf 69' lang='lat'>6²</span> <span class='ocrx_word' id='word_1_84' title='bbox 981 730 1099 770; x_wconf 78' lang='lat' dir='ltr'><em>milites</em></span> <span class='ocrx_word' id='word_1_85' title='bbox 1120 732 1271 769; x_wconf 71' lang='lat' dir='ltr'>emebant</span> <span class='ocrx_word' id='word_1_86' title='bbox 1271 731 1338 781; x_wconf 81' lang='lat' dir='ltr'>fibi</span> <span class='ocrx_word' id='word_1_87' title='bbox 1349 730 1493 776; x_wconf 64' lang='grc' dir='ltr'>νὶἑῖιινη,</span> <span class='ocrx_word' id='word_1_88' title='bbox 1515 730 1550 768; x_wconf 69' lang='lat'>6³</span> <span class='ocrx_word' id='word_1_89' title='bbox 1565 729 1652 769; x_wconf 80' lang='lat' dir='ltr'>lauti</span> <span class='ocrx_word' id='word_1_90' title='bbox 1665 731 1734 768; x_wconf 81' lang='lat' dir='ltr'>illis</span> <span class='ocrx_word' id='word_1_91' title='bbox 1747 731 1804 769; x_wconf 83' lang='lat' dir='ltr'>in-</span> 
     </span>
     <span class='ocr_line' id='line_1_12' title="bbox 530 783 1804 838; baseline -0.002 -14"><span class='ocrx_word' id='word_1_92' title='bbox 530 786 723 838; x_wconf 72' lang='lat' dir='ltr'>dulgebant.</span> <span class='ocrx_word' id='word_1_93' title='bbox 732 786 796 836; x_wconf 61' lang='grc' dir='ltr'>Ἐγ</span> <span class='ocrx_word' id='word_1_94' title='bbox 805 784 994 837; x_wconf 59' lang='grc' dir='ltr'>χρῄζοντα.</span> <span class='ocrx_word' id='word_1_95' title='bbox 1008 783 1191 822; x_wconf 76' lang='lat' dir='ltr'><strong>Ciceroni</strong></span> <span class='ocrx_word' id='word_1_96' title='bbox 1203 784 1244 823; x_wconf 89' lang='lat'>&amp;</span> <span class='ocrx_word' id='word_1_97' title='bbox 1254 785 1396 824; x_wconf 82' lang='lat' dir='ltr'>Tacito</span> <span class='ocrx_word' id='word_1_98' title='bbox 1412 783 1496 823; x_wconf 86' lang='lat' dir='ltr'>sunt</span> <span class='ocrx_word' id='word_1_99' title='bbox 1508 784 1673 836; x_wconf 78' lang='lat' dir='ltr'>utenfilc&#39;a‚</span> <span class='ocrx_word' id='word_1_100' title='bbox 1688 784 1804 836; x_wconf 73' lang='lat' dir='ltr'>copiae</span> 
     </span>
     <span class='ocr_line' id='line_1_13' title="bbox 530 838 1804 891; baseline 0 -13"><span class='ocrx_word' id='word_1_101' title='bbox 530 840 631 879; x_wconf 72' lang='grc' dir='ltr'>νὶέῖιιὶ</span> <span class='ocrx_word' id='word_1_102' title='bbox 644 839 855 891; x_wconf 76' lang='lat' dir='ltr'>neceffizriae.</span> <span class='ocrx_word' id='word_1_103' title='bbox 881 839 952 878; x_wconf 89' lang='lat' dir='ltr'>Sed</span> <span class='ocrx_word' id='word_1_104' title='bbox 974 838 1171 877; x_wconf 81' lang='lat' dir='ltr'>Graecum</span> <span class='ocrx_word' id='word_1_105' title='bbox 1189 838 1427 877; x_wconf 81' lang='lat' dir='ltr'>vocabulum</span> <span class='ocrx_word' id='word_1_106' title='bbox 1443 838 1545 891; x_wconf 88' lang='lat' dir='ltr'>apud</span> <span class='ocrx_word' id='word_1_107' title='bbox 1562 838 1708 877; x_wconf 85' lang='lat' dir='ltr'>nullum</span> <span class='ocrx_word' id='word_1_108' title='bbox 1730 838 1804 878; x_wconf 86' lang='lat' dir='ltr'>bo·</span> 
     </span>
     <span class='ocr_line' id='line_1_14' title="bbox 530 891 1804 945; baseline -0.002 -12"><span class='ocrx_word' id='word_1_109' title='bbox 530 906 605 934; x_wconf 83' lang='lat' dir='ltr'>nae</span> <span class='ocrx_word' id='word_1_110' title='bbox 620 903 735 932; x_wconf 77' lang='lat' dir='ltr'>notae</span> <span class='ocrx_word' id='word_1_111' title='bbox 747 892 968 945; x_wconf 84' lang='lat' dir='ltr'>scriptorem</span> <span class='ocrx_word' id='word_1_112' title='bbox 982 892 1164 931; x_wconf 84' lang='lat' dir='ltr'>invenias.</span> <span class='ocrx_word' id='word_1_113' title='bbox 1185 891 1305 931; x_wconf 86' lang='lat' dir='ltr'>Paulo</span> <span class='ocrx_word' id='word_1_114' title='bbox 1318 903 1406 932; x_wconf 90' lang='lat' dir='ltr'>ante</span> <span class='ocrx_word' id='word_1_115' title='bbox 1418 893 1608 945; x_wconf 64' lang='grc' dir='ltr'>πτωχικὰ,</span> <span class='ocrx_word' id='word_1_116' title='bbox 1617 891 1804 941; x_wconf 59' lang='grc' dir='ltr'>ὀνόματα,</span> 
     </span>
     <span class='ocr_line' id='line_1_15' title="bbox 530 945 1802 999; baseline -0.003 -11"><span class='ocrx_word' id='word_1_117' title='bbox 530 960 612 988; x_wconf 87' lang='lat' dir='ltr'>non</span> <span class='ocrx_word' id='word_1_118' title='bbox 630 947 746 999; x_wconf 84' lang='lat' dir='ltr'>inopia</span> <span class='ocrx_word' id='word_1_119' title='bbox 760 948 866 986; x_wconf 83' lang='lat' dir='ltr'>multa</span> <span class='ocrx_word' id='word_1_120' title='bbox 877 947 1021 995; x_wconf 70' lang='lat' dir='ltr'>insana,</span> <span class='ocrx_word' id='word_1_121' title='bbox 1039 956 1082 984; x_wconf 86' lang='lat' dir='ltr'>ut</span> <span class='ocrx_word' id='word_1_122' title='bbox 1095 945 1206 985; x_wconf 89' lang='lat' dir='ltr'>stulte</span> <span class='ocrx_word' id='word_1_123' title='bbox 1218 946 1259 986; x_wconf 75' lang='grc' dir='ltr'>δι</span> <span class='ocrx_word' id='word_1_124' title='bbox 1269 945 1349 985; x_wconf 88' lang='lat' dir='ltr'>fine</span> <span class='ocrx_word' id='word_1_125' title='bbox 1360 945 1543 985; x_wconf 87' lang='lat' dir='ltr'>sententia</span> <span class='ocrx_word' id='word_1_126' title='bbox 1558 946 1674 985; x_wconf 88' lang='lat' dir='ltr'>vertit</span> <span class='ocrx_word' id='word_1_127' title='bbox 1687 946 1802 985; x_wconf 90' lang='lat' dir='ltr'>inter-</span> 
     </span>
     <span class='ocr_line' id='line_1_16' title="bbox 531 999 1803 1054; baseline 0 -14"><span class='ocrx_word' id='word_1_128' title='bbox 531 1014 618 1054; x_wconf 86' lang='lat' dir='ltr'><strong>pres</strong></span> <span class='ocrx_word' id='word_1_129' title='bbox 635 1031 645 1045; x_wconf 81' lang='lat'><strong><em>‚</em></strong></span> <span class='ocrx_word' id='word_1_130' title='bbox 663 1000 725 1040; x_wconf 88' lang='lat' dir='ltr'>sed</span> <span class='ocrx_word' id='word_1_131' title='bbox 743 1001 901 1040; x_wconf 80' lang='lat' dir='ltr'>mendicis</span> <span class='ocrx_word' id='word_1_132' title='bbox 919 1000 1167 1044; x_wconf 71' lang='lat' dir='ltr'>convenientia,</span> <span class='ocrx_word' id='word_1_133' title='bbox 1187 1010 1277 1046; x_wconf 82' lang='lat' dir='ltr'>aut,</span> <span class='ocrx_word' id='word_1_134' title='bbox 1292 1012 1334 1040; x_wconf 88' lang='lat' dir='ltr'>ut</span> <span class='ocrx_word' id='word_1_135' title='bbox 1346 1000 1490 1041; x_wconf 86' lang='lat' dir='ltr'><strong>Seneca</strong></span> <span class='ocrx_word' id='word_1_136' title='bbox 1502 999 1688 1053; x_wconf 76' lang='lat' dir='ltr'>loquitur,</span> <span class='ocrx_word' id='word_1_137' title='bbox 1701 1001 1803 1040; x_wconf 78' lang='lat' dir='ltr'>verba</span> 
     </span>
     <span class='ocr_line' id='line_1_17' title="bbox 533 1053 1422 1107; baseline -0.007 -12"><span class='ocrx_word' id='word_1_138' title='bbox 533 1059 584 1095; x_wconf 82' lang='lat' dir='ltr'>ad</span> <span class='ocrx_word' id='word_1_139' title='bbox 583 1056 752 1107; x_wconf 84' lang='lat' dir='ltr'>summam</span> <span class='ocrx_word' id='word_1_140' title='bbox 765 1070 901 1093; x_wconf 82' lang='lat' dir='ltr'>caveam</span> <span class='ocrx_word' id='word_1_141' title='bbox 907 1053 1105 1107; x_wconf 67' lang='lat' dir='ltr'>speaantia.</span> <span class='ocrx_word' id='word_1_142' title='bbox 1129 1054 1301 1094; x_wconf 85' lang='lat' dir='ltr'>GRAEV.</span> <span class='ocrx_word' id='word_1_143' title='bbox 1420 1084 1422 1089; x_wconf 84' lang='lat'><em>.</em></span> 
     </span>
     <span class='ocr_line' id='line_1_18' title="bbox 535 1106 1802 1164; baseline 0 -17"><span class='ocrx_word' id='word_1_144' title='bbox 535 1154 558 1164; x_wconf 49' lang='grc' dir='ltr'><strong>Ν</strong></span> <span class='ocrx_word' id='word_1_145' title='bbox 588 1109 679 1162; x_wconf 74' lang='lat' dir='ltr'><em>Pag.</em></span> <span class='ocrx_word' id='word_1_146' title='bbox 698 1122 713 1147; x_wconf 90' lang='lat'><strong>1</strong></span> <span class='ocrx_word' id='word_1_147' title='bbox 723 1108 744 1146; x_wconf 90' lang='lat'>8</span> <span class='ocrx_word' id='word_1_148' title='bbox 754 1122 783 1158; x_wconf 90' lang='lat'>5.</span> <span class='ocrx_word' id='word_1_149' title='bbox 800 1109 824 1146; x_wconf 90' lang='lat' dir='ltr'>l.</span> <span class='ocrx_word' id='word_1_150' title='bbox 840 1123 873 1161; x_wconf 87' lang='lat'>3.</span> <span class='ocrx_word' id='word_1_151' title='bbox 894 1112 933 1147; x_wconf 67' lang='lat' dir='ltr'>Et</span> <span class='ocrx_word' id='word_1_152' title='bbox 952 1107 1046 1160; x_wconf 74' lang='lat' dir='ltr'>mu)</span> <span class='ocrx_word' id='word_1_153' title='bbox 1067 1107 1168 1147; x_wconf 89' lang='lat' dir='ltr'>Infra</span> <span class='ocrx_word' id='word_1_154' title='bbox 1182 1121 1279 1148; x_wconf 90' lang='lat' dir='ltr'>vero</span> <span class='ocrx_word' id='word_1_155' title='bbox 1293 1107 1407 1148; x_wconf 88' lang='lat' dir='ltr'>Rhet.</span> <span class='ocrx_word' id='word_1_156' title='bbox 1425 1120 1459 1148; x_wconf 89' lang='lat' dir='ltr'>c.</span> <span class='ocrx_word' id='word_1_157' title='bbox 1471 1107 1495 1146; x_wconf 92' lang='lat'><strong>6</strong></span> <span class='ocrx_word' id='word_1_158' title='bbox 1508 1107 1544 1146; x_wconf 91' lang='lat' dir='ltr'>in</span> <span class='ocrx_word' id='word_1_159' title='bbox 1557 1106 1802 1161; x_wconf 80' lang='lat' dir='ltr'>Iunt.1egitur</span> 
     </span>
     <span class='ocr_line' id='line_1_19' title="bbox 534 1158 1804 1214; baseline -0.002 -11"><span class='ocrx_word' id='word_1_160' title='bbox 534 1164 629 1203; x_wconf 74' lang='grc' dir='ltr'><em>ἦπου</em></span> <span class='ocrx_word' id='word_1_161' title='bbox 650 1165 714 1200; x_wconf 60' lang='grc' dir='ltr'>τὴν</span> <span class='ocrx_word' id='word_1_162' title='bbox 735 1162 860 1201; x_wconf 67' lang='grc' dir='ltr'>Νεῖλον</span> <span class='ocrx_word' id='word_1_163' title='bbox 881 1158 1002 1209; x_wconf 48' lang='lat' dir='ltr'>siden</span> <span class='ocrx_word' id='word_1_164' title='bbox 1029 1162 1134 1214; x_wconf 90' lang='lat' dir='ltr'>quod</span> <span class='ocrx_word' id='word_1_165' title='bbox 1147 1162 1312 1202; x_wconf 77' lang='lat' dir='ltr'>solanus</span> <span class='ocrx_word' id='word_1_166' title='bbox 1329 1175 1377 1203; x_wconf 86' lang='lat' dir='ltr'>ex</span> <span class='ocrx_word' id='word_1_167' title='bbox 1397 1161 1477 1202; x_wconf 85' lang='lat' dir='ltr'>aliis</span> <span class='ocrx_word' id='word_1_168' title='bbox 1489 1161 1572 1202; x_wconf 90' lang='lat' dir='ltr'>edd.</span> <span class='ocrx_word' id='word_1_169' title='bbox 1587 1162 1627 1201; x_wconf 88' lang='lat' dir='ltr'>in</span> <span class='ocrx_word' id='word_1_170' title='bbox 1643 1160 1804 1201; x_wconf 72' lang='grc' dir='ltr'><strong><em>εἵ-που</em></strong></span> 
     </span>
     <span class='ocr_line' id='line_1_20' title="bbox 535 1214 1305 1263; baseline 0 -7"><span class='ocrx_word' id='word_1_171' title='bbox 535 1216 700 1256; x_wconf 83' lang='lat' dir='ltr'>mutavit</span> <span class='ocrx_word' id='word_1_172' title='bbox 710 1247 722 1263; x_wconf 88' lang='lat'>,</span> <span class='ocrx_word' id='word_1_173' title='bbox 737 1217 799 1256; x_wconf 84' lang='lat' dir='ltr'>cui</span> <span class='ocrx_word' id='word_1_174' title='bbox 810 1215 981 1256; x_wconf 83' lang='lat' dir='ltr'>obsecuti</span> <span class='ocrx_word' id='word_1_175' title='bbox 995 1214 1136 1255; x_wconf 87' lang='lat' dir='ltr'>sumus.</span> <span class='ocrx_word' id='word_1_176' title='bbox 1158 1216 1305 1256; x_wconf 74' lang='lat' dir='ltr'>REITz.</span> 
     </span>
     <span class='ocr_line' id='line_1_21' title="bbox 523 1267 1804 1324; baseline 0.001 -15"><span class='ocrx_word' id='word_1_177' title='bbox 523 1282 527 1286; x_wconf 92' lang='lat'>·</span> <span class='ocrx_word' id='word_1_178' title='bbox 588 1274 661 1309; x_wconf 85' lang='lat' dir='ltr'>ead.</span> <span class='ocrx_word' id='word_1_179' title='bbox 677 1270 909 1310; x_wconf 71' lang='grc' dir='ltr'>Ι.6.”Ωδ“·ινεν</span> <span class='ocrx_word' id='word_1_180' title='bbox 923 1269 1018 1322; x_wconf 75' lang='grc' dir='ltr'>&gt;όρος)</span> <span class='ocrx_word' id='word_1_181' title='bbox 1046 1269 1286 1324; x_wconf 82' lang='lat' dir='ltr'>Paroemiog.</span> <span class='ocrx_word' id='word_1_182' title='bbox 1305 1270 1480 1311; x_wconf 81' lang='lat' dir='ltr'>BOURD.</span> <span class='ocrx_word' id='word_1_183' title='bbox 1503 1268 1549 1309; x_wconf 88' lang='lat' dir='ltr'>In</span> <span class='ocrx_word' id='word_1_184' title='bbox 1571 1267 1710 1311; x_wconf 86' lang='lat' dir='ltr'>fabulis</span> <span class='ocrx_word' id='word_1_185' title='bbox 1731 1267 1804 1310; x_wconf 87' lang='lat' dir='ltr'>ho-</span> 
     </span>
     <span class='ocr_line' id='line_1_22' title="bbox 536 1323 1259 1377; baseline 0 -14"><span class='ocrx_word' id='word_1_186' title='bbox 536 1324 678 1364; x_wconf 88' lang='lat' dir='ltr'>diernis</span> <span class='ocrx_word' id='word_1_187' title='bbox 689 1323 835 1377; x_wconf 85' lang='lat' dir='ltr'>Aesopi</span> <span class='ocrx_word' id='word_1_188' title='bbox 852 1336 932 1363; x_wconf 92' lang='lat' dir='ltr'>non</span> <span class='ocrx_word' id='word_1_189' title='bbox 952 1323 1084 1364; x_wconf 84' lang='lat' dir='ltr'>exstat.</span> <span class='ocrx_word' id='word_1_190' title='bbox 1101 1324 1259 1365; x_wconf 75' lang='lat' dir='ltr'>SOLAN.</span> 
     </span>
     <span class='ocr_line' id='line_1_23' title="bbox 591 1377 1802 1432; baseline 0 -15"><span class='ocrx_word' id='word_1_191' title='bbox 591 1380 664 1417; x_wconf 80' lang='lat' dir='ltr'>ead.</span> <span class='ocrx_word' id='word_1_192' title='bbox 675 1379 696 1417; x_wconf 88' lang='lat' dir='ltr'>l.</span> <span class='ocrx_word' id='word_1_193' title='bbox 712 1391 770 1417; x_wconf 84' lang='lat'>10.</span> <span class='ocrx_word' id='word_1_194' title='bbox 779 1384 865 1430; x_wconf 68' lang='grc' dir='ltr'>Συγ</span> <span class='ocrx_word' id='word_1_195' title='bbox 872 1378 1163 1432; x_wconf 68' lang='grc' dir='ltr'>κεκοιττυμένος)</span> <span class='ocrx_word' id='word_1_196' title='bbox 1173 1379 1236 1419; x_wconf 83' lang='lat' dir='ltr'>Cf.</span> <span class='ocrx_word' id='word_1_197' title='bbox 1246 1378 1410 1418; x_wconf 66' lang='lat' dir='ltr'>infn&#39;Eer.</span> <span class='ocrx_word' id='word_1_198' title='bbox 1423 1382 1517 1430; x_wconf 76' lang='grc' dir='ltr'>Κρεν.</span> <span class='ocrx_word' id='word_1_199' title='bbox 1527 1391 1561 1417; x_wconf 86' lang='lat' dir='ltr'>c.</span> <span class='ocrx_word' id='word_1_200' title='bbox 1571 1377 1634 1417; x_wconf 82' lang='lat'>28.</span> <span class='ocrx_word' id='word_1_201' title='bbox 1643 1377 1802 1418; x_wconf 80' lang='lat' dir='ltr'>SOLAN.</span> 
     </span>
     <span class='ocr_line' id='line_1_24' title="bbox 590 1430 1804 1486; baseline -0.001 -15"><span class='ocrx_word' id='word_1_202' title='bbox 590 1435 664 1471; x_wconf 79' lang='lat' dir='ltr'>ead.</span> <span class='ocrx_word' id='word_1_203' title='bbox 680 1434 702 1470; x_wconf 89' lang='lat' dir='ltr'>l.</span> <span class='ocrx_word' id='word_1_204' title='bbox 719 1447 732 1470; x_wconf 86' lang='lat'>1</span> <span class='ocrx_word' id='word_1_205' title='bbox 747 1447 760 1471; x_wconf 83' lang='lat'>1</span> <span class='ocrx_word' id='word_1_206' title='bbox 770 1463 778 1471; x_wconf 88' lang='lat'><strong>.</strong></span> <span class='ocrx_word' id='word_1_207' title='bbox 790 1432 859 1470; x_wconf 72' lang='grc' dir='ltr'>Καὶ</span> <span class='ocrx_word' id='word_1_208' title='bbox 873 1432 1013 1483; x_wconf 71' lang='grc' dir='ltr'>χοιρίνη</span> <span class='ocrx_word' id='word_1_209' title='bbox 1025 1433 1107 1483; x_wconf 74' lang='grc' dir='ltr'>περὶ</span> <span class='ocrx_word' id='word_1_210' title='bbox 1122 1433 1207 1472; x_wconf 70' lang='grc' dir='ltr'>ταῖς</span> <span class='ocrx_word' id='word_1_211' title='bbox 1221 1432 1397 1486; x_wconf 69' lang='grc' dir='ltr'>κνήμαις)</span> <span class='ocrx_word' id='word_1_212' title='bbox 1411 1432 1541 1472; x_wconf 73' lang='lat' dir='ltr'>Mellei</span> <span class='ocrx_word' id='word_1_213' title='bbox 1555 1430 1733 1484; x_wconf 66' lang='lat' dir='ltr'>profefio</span> <span class='ocrx_word' id='word_1_214' title='bbox 1745 1432 1804 1471; x_wconf 84' lang='lat' dir='ltr'>in-</span> 
     </span>
     <span class='ocr_line' id='line_1_25' title="bbox 535 1485 1802 1540; baseline -0.001 -15"><span class='ocrx_word' id='word_1_215' title='bbox 535 1497 733 1538; x_wconf 85' lang='lat' dir='ltr'>terpretes.</span> <span class='ocrx_word' id='word_1_216' title='bbox 743 1486 920 1526; x_wconf 69' lang='grc' dir='ltr'><em>Βεηεάὶᾶ</em></span> <span class='ocrx_word' id='word_1_217' title='bbox 927 1498 988 1532; x_wconf 87' lang='lat' dir='ltr'>us,</span> <span class='ocrx_word' id='word_1_218' title='bbox 999 1487 1174 1524; x_wconf 66' lang='lat' dir='ltr'>&amp;tibialia</span> <span class='ocrx_word' id='word_1_219' title='bbox 1186 1504 1228 1526; x_wconf 79' lang='lat' dir='ltr'>ex</span> <span class='ocrx_word' id='word_1_220' title='bbox 1238 1488 1327 1527; x_wconf 68' lang='lat' dir='ltr'>corio</span> <span class='ocrx_word' id='word_1_221' title='bbox 1337 1485 1597 1540; x_wconf 67' lang='lat' dir='ltr'>por-cinofizfla3</span> <span class='ocrx_word' id='word_1_222' title='bbox 1609 1486 1708 1525; x_wconf 85' lang='lat' dir='ltr'>male</span> <span class='ocrx_word' id='word_1_223' title='bbox 1717 1486 1802 1539; x_wconf 78' lang='lat' dir='ltr'>qui-</span> 
     </span>
     <span class='ocr_line' id='line_1_26' title="bbox 536 1539 1805 1593; baseline -0.001 -14"><span class='ocrx_word' id='word_1_224' title='bbox 536 1540 636 1583; x_wconf 75' lang='lat' dir='ltr'>dem,</span> <span class='ocrx_word' id='word_1_225' title='bbox 647 1539 707 1579; x_wconf 89' lang='lat' dir='ltr'>sed</span> <span class='ocrx_word' id='word_1_226' title='bbox 719 1540 852 1579; x_wconf 87' lang='lat' dir='ltr'>melius</span> <span class='ocrx_word' id='word_1_227' title='bbox 866 1552 1009 1588; x_wconf 82' lang='lat' dir='ltr'>tamen,</span> <span class='ocrx_word' id='word_1_228' title='bbox 1021 1554 1136 1593; x_wconf 79' lang='lat' dir='ltr'>quam</span> <span class='ocrx_word' id='word_1_229' title='bbox 1150 1541 1352 1593; x_wconf 81' lang='lat' dir='ltr'>Micyllus,</span> <span class='ocrx_word' id='word_1_230' title='bbox 1361 1542 1395 1580; x_wconf 65' lang='grc' dir='ltr'>δ’</span> <span class='ocrx_word' id='word_1_231' title='bbox 1406 1541 1537 1578; x_wconf 79' lang='lat' dir='ltr'>tibialia</span> <span class='ocrx_word' id='word_1_232' title='bbox 1546 1541 1682 1580; x_wconf 72' lang='lat' dir='ltr'>conchis</span> <span class='ocrx_word' id='word_1_233' title='bbox 1691 1542 1805 1579; x_wconf 48' lang='lat' dir='ltr'>incra*</span> 
     </span>
     <span class='ocr_line' id='line_1_27' title="bbox 531 1593 1803 1648; baseline 0 -16"><span class='ocrx_word' id='word_1_234' title='bbox 531 1596 625 1646; x_wconf 74' lang='lat' dir='ltr'>stata</span> <span class='ocrx_word' id='word_1_235' title='bbox 636 1606 696 1633; x_wconf 80' lang='lat' dir='ltr'>aut</span> <span class='ocrx_word' id='word_1_236' title='bbox 705 1610 748 1632; x_wconf 84' lang='lat' dir='ltr'>ex</span> <span class='ocrx_word' id='word_1_237' title='bbox 759 1593 1105 1646; x_wconf 60' lang='lat' dir='ltr'>corioporcinofizcla.</span> <span class='ocrx_word' id='word_1_238' title='bbox 1119 1595 1173 1633; x_wconf 89' lang='lat' dir='ltr'>At</span> <span class='ocrx_word' id='word_1_239' title='bbox 1186 1597 1270 1648; x_wconf 83' lang='lat' dir='ltr'>quis</span> <span class='ocrx_word' id='word_1_240' title='bbox 1281 1595 1375 1634; x_wconf 80' lang='lat' dir='ltr'>dixit</span> <span class='ocrx_word' id='word_1_241' title='bbox 1386 1594 1526 1635; x_wconf 81' lang='lat' dir='ltr'>tibialia</span> <span class='ocrx_word' id='word_1_242' title='bbox 1539 1594 1723 1634; x_wconf 79' lang='lat' dir='ltr'>militum?</span> <span class='ocrx_word' id='word_1_243' title='bbox 1739 1594 1803 1633; x_wconf 86' lang='lat' dir='ltr'>An</span> 
     </span>
     <span class='ocr_line' id='line_1_28' title="bbox 537 1647 1808 1701; baseline 0.001 -15"><span class='ocrx_word' id='word_1_244' title='bbox 537 1649 587 1686; x_wconf 75' lang='lat' dir='ltr'>ita</span> <span class='ocrx_word' id='word_1_245' title='bbox 601 1650 755 1700; x_wconf 84' lang='lat' dir='ltr'>ignotae</span> <span class='ocrx_word' id='word_1_246' title='bbox 778 1647 863 1687; x_wconf 89' lang='lat' dir='ltr'>sunt</span> <span class='ocrx_word' id='word_1_247' title='bbox 877 1660 1036 1695; x_wconf 82' lang='lat' dir='ltr'>ocreae,</span> <span class='ocrx_word' id='word_1_248' title='bbox 1060 1662 1156 1701; x_wconf 85' lang='lat' dir='ltr'>quas</span> <span class='ocrx_word' id='word_1_249' title='bbox 1171 1650 1269 1689; x_wconf 88' lang='lat' dir='ltr'>haud</span> <span class='ocrx_word' id='word_1_250' title='bbox 1285 1650 1396 1689; x_wconf 89' lang='lat' dir='ltr'>dubie</span> <span class='ocrx_word' id='word_1_251' title='bbox 1411 1661 1515 1690; x_wconf 89' lang='lat' dir='ltr'>nunc</span> <span class='ocrx_word' id='word_1_252' title='bbox 1529 1648 1714 1688; x_wconf 80' lang='lat' dir='ltr'>intellexit</span> <span class='ocrx_word' id='word_1_253' title='bbox 1728 1648 1808 1688; x_wconf 83' lang='lat' dir='ltr'>Lu-</span> 
     </span>
     <span class='ocr_line' id='line_1_29' title="bbox 538 1701 1800 1756; baseline 0 -15"><span class='ocrx_word' id='word_1_254' title='bbox 538 1702 685 1742; x_wconf 82' lang='lat' dir='ltr'>cianus.</span> <span class='ocrx_word' id='word_1_255' title='bbox 701 1702 835 1754; x_wconf 81' lang='lat' dir='ltr'>ltaque</span> <span class='ocrx_word' id='word_1_256' title='bbox 843 1713 964 1750; x_wconf 84' lang='lat' dir='ltr'>verte,</span> <span class='ocrx_word' id='word_1_257' title='bbox 975 1702 1010 1740; x_wconf 63' lang='grc' dir='ltr'>δ’</span> <span class='ocrx_word' id='word_1_258' title='bbox 1020 1719 1114 1741; x_wconf 72' lang='lat' dir='ltr'>ocrea</span> <span class='ocrx_word' id='word_1_259' title='bbox 1126 1704 1212 1742; x_wconf 75' lang='lat' dir='ltr'>circa</span> <span class='ocrx_word' id='word_1_260' title='bbox 1228 1705 1329 1742; x_wconf 83' lang='lat' dir='ltr'>tibias</span> <span class='ocrx_word' id='word_1_261' title='bbox 1340 1719 1382 1742; x_wconf 81' lang='lat' dir='ltr'>ex</span> <span class='ocrx_word' id='word_1_262' title='bbox 1396 1703 1485 1742; x_wconf 82' lang='lat' dir='ltr'>corio</span> <span class='ocrx_word' id='word_1_263' title='bbox 1494 1704 1643 1756; x_wconf 79' lang='lat' dir='ltr'>porcino.</span> <span class='ocrx_word' id='word_1_264' title='bbox 1653 1701 1800 1742; x_wconf 85' lang='lat' dir='ltr'><strong>GRON.</strong></span> 
     </span>
     <span class='ocr_line' id='line_1_30' title="bbox 592 1753 1804 1810; baseline 0.002 -16"><span class='ocrx_word' id='word_1_265' title='bbox 592 1759 666 1795; x_wconf 81' lang='lat' dir='ltr'>ead.</span> <span class='ocrx_word' id='word_1_266' title='bbox 679 1757 701 1794; x_wconf 94' lang='lat' dir='ltr'>l.</span> <span class='ocrx_word' id='word_1_267' title='bbox 723 1771 781 1795; x_wconf 86' lang='lat'>12.</span> <span class='ocrx_word' id='word_1_268' title='bbox 802 1755 959 1808; x_wconf 57' lang='grc' dir='ltr'>Ῥοδίων)</span> <span class='ocrx_word' id='word_1_269' title='bbox 985 1756 1087 1796; x_wconf 86' lang='lat' dir='ltr'>Inter</span> <span class='ocrx_word' id='word_1_270' title='bbox 1101 1756 1280 1797; x_wconf 81' lang='lat' dir='ltr'>Coloffos</span> <span class='ocrx_word' id='word_1_271' title='bbox 1295 1757 1337 1797; x_wconf 87' lang='lat'>&amp;</span> <span class='ocrx_word' id='word_1_272' title='bbox 1352 1756 1490 1797; x_wconf 78' lang='lat' dir='ltr'>statuas</span> <span class='ocrx_word' id='word_1_273' title='bbox 1503 1758 1674 1809; x_wconf 86' lang='lat' dir='ltr'>ingentes</span> <span class='ocrx_word' id='word_1_274' title='bbox 1687 1753 1804 1810; x_wconf 65' lang='lat' dir='ltr'>inpri-</span> 
     </span>
     <span class='ocr_line' id='line_1_31' title="bbox 523 1809 1803 1865; baseline 0.002 -17"><span class='ocrx_word' id='word_1_275' title='bbox 523 1810 608 1848; x_wconf 74' lang='lat' dir='ltr'>&#39;mis</span> <span class='ocrx_word' id='word_1_276' title='bbox 622 1810 835 1849; x_wconf 85' lang='lat' dir='ltr'>celebratur</span> <span class='ocrx_word' id='word_1_277' title='bbox 849 1809 1028 1849; x_wconf 76' lang='lat' dir='ltr'>Coloss&#39;us</span> <span class='ocrx_word' id='word_1_278' title='bbox 1042 1810 1218 1851; x_wconf 87' lang='lat' dir='ltr'>Rhodius</span> <span class='ocrx_word' id='word_1_279' title='bbox 1233 1812 1389 1865; x_wconf 89' lang='lat' dir='ltr'>pedibus</span> <span class='ocrx_word' id='word_1_280' title='bbox 1403 1821 1556 1850; x_wconf 88' lang='lat' dir='ltr'>centum</span> <span class='ocrx_word' id='word_1_281' title='bbox 1576 1810 1618 1853; x_wconf 76' lang='grc' dir='ltr'>δι</span> <span class='ocrx_word' id='word_1_282' title='bbox 1633 1811 1803 1864; x_wconf 83' lang='lat' dir='ltr'>quinque</span> 
     </span>
     <span class='ocr_line' id='line_1_32' title="bbox 537 1863 1805 1918; baseline 0.002 -16"><span class='ocrx_word' id='word_1_283' title='bbox 537 1863 649 1903; x_wconf 82' lang='lat' dir='ltr'>altus.</span> <span class='ocrx_word' id='word_1_284' title='bbox 663 1863 812 1907; x_wconf 78' lang='lat' dir='ltr'>COGN.</span> <span class='ocrx_word' id='word_1_285' title='bbox 832 1864 1001 1903; x_wconf 88' lang='lat' dir='ltr'>Centum</span> <span class='ocrx_word' id='word_1_286' title='bbox 1015 1865 1046 1903; x_wconf 88' lang='lat' dir='ltr'>is</span> <span class='ocrx_word' id='word_1_287' title='bbox 1060 1866 1100 1904; x_wconf 89' lang='lat'>&amp;</span> <span class='ocrx_word' id='word_1_288' title='bbox 1116 1865 1286 1918; x_wconf 86' lang='lat' dir='ltr'>quinque</span> <span class='ocrx_word' id='word_1_289' title='bbox 1301 1866 1414 1918; x_wconf 86' lang='lat' dir='ltr'>pedes</span> <span class='ocrx_word' id='word_1_290' title='bbox 1427 1865 1527 1904; x_wconf 75' lang='lat' dir='ltr'>altus</span> <span class='ocrx_word' id='word_1_291' title='bbox 1538 1865 1699 1904; x_wconf 86' lang='lat' dir='ltr'>traditur</span> <span class='ocrx_word' id='word_1_292' title='bbox 1712 1863 1805 1904; x_wconf 83' lang='lat' dir='ltr'>fuis-</span> 
     </span>
     <span class='ocr_line' id='line_1_33' title="bbox 535 1917 1803 1983; baseline 0.002 -27"><span class='ocrx_word' id='word_1_293' title='bbox 535 1917 593 1966; x_wconf 88' lang='lat' dir='ltr'>se,</span> <span class='ocrx_word' id='word_1_294' title='bbox 609 1917 690 1956; x_wconf 85' lang='lat' dir='ltr'>five</span> <span class='ocrx_word' id='word_1_295' title='bbox 703 1918 808 1958; x_wconf 88' lang='lat' dir='ltr'>LXX</span> <span class='ocrx_word' id='word_1_296' title='bbox 823 1917 1057 1958; x_wconf 87' lang='lat' dir='ltr'>cubitorum.</span> <span class='ocrx_word' id='word_1_297' title='bbox 1075 1919 1168 1958; x_wconf 87' lang='lat' dir='ltr'>Plin.</span> <span class='ocrx_word' id='word_1_298' title='bbox 1185 1920 1374 1965; x_wconf 88' lang='lat' dir='ltr'>XXXIV,</span> <span class='ocrx_word' id='word_1_299' title='bbox 1388 1933 1424 1970; x_wconf 93' lang='lat'>7.</span> <span class='ocrx_word' id='word_1_300' title='bbox 1437 1919 1577 1959; x_wconf 89' lang='lat' dir='ltr'>Strabo</span> <span class='ocrx_word' id='word_1_301' title='bbox 1590 1918 1704 1966; x_wconf 86' lang='lat' dir='ltr'>XIV,</span> <span class='ocrx_word' id='word_1_302' title='bbox 1719 1931 1803 1983; x_wconf 69' lang='lat' dir='ltr'>pag.</span> 
     </span>
     <span class='ocr_line' id='line_1_34' title="bbox 538 1971 1803 2024; baseline 0.002 -14"><span class='ocrx_word' id='word_1_303' title='bbox 538 1972 614 2024; x_wconf 86' lang='lat'>652</span> <span class='ocrx_word' id='word_1_304' title='bbox 628 1971 674 2011; x_wconf 91' lang='lat' dir='ltr'>C.</span> <span class='ocrx_word' id='word_1_305' title='bbox 694 1971 867 2011; x_wconf 71' lang='lat' dir='ltr'>philostr.</span> <span class='ocrx_word' id='word_1_306' title='bbox 880 1973 960 2011; x_wconf 89' lang='lat' dir='ltr'>Vit.</span> <span class='ocrx_word' id='word_1_307' title='bbox 973 1972 1155 2024; x_wconf 85' lang='lat' dir='ltr'>Apollon.</span> <span class='ocrx_word' id='word_1_308' title='bbox 1169 1974 1224 2020; x_wconf 89' lang='lat' dir='ltr'>V,</span> <span class='ocrx_word' id='word_1_309' title='bbox 1238 1988 1275 2023; x_wconf 92' lang='lat'>7.</span> <span class='ocrx_word' id='word_1_310' title='bbox 1288 1974 1391 2013; x_wconf 88' lang='lat' dir='ltr'>Vide</span> <span class='ocrx_word' id='word_1_311' title='bbox 1401 1974 1516 2012; x_wconf 86' lang='lat' dir='ltr'>etiam</span> <span class='ocrx_word' id='word_1_312' title='bbox 1527 1972 1711 2013; x_wconf 75' lang='lat' dir='ltr'>Scalioeri</span> <span class='ocrx_word' id='word_1_313' title='bbox 1725 1985 1803 2012; x_wconf 81' lang='lat' dir='ltr'>am·</span> 
     </span>
     <span class='ocr_line' id='line_1_35' title="bbox 538 2006 1805 2081; baseline 0.002 -17"><span class='ocrx_word' id='word_1_314' title='bbox 538 2025 667 2065; x_wconf 88' lang='lat' dir='ltr'>madv.</span> <span class='ocrx_word' id='word_1_315' title='bbox 678 2025 716 2064; x_wconf 91' lang='lat' dir='ltr'>in</span> <span class='ocrx_word' id='word_1_316' title='bbox 731 2024 879 2065; x_wconf 85' lang='lat' dir='ltr'>Eusebii</span> <span class='ocrx_word' id='word_1_317' title='bbox 891 2025 1041 2065; x_wconf 87' lang='lat' dir='ltr'>Chron.</span> <span class='ocrx_word' id='word_1_318' title='bbox 1056 2039 1092 2066; x_wconf 92' lang='lat' dir='ltr'>n.</span> <span class='ocrx_word' id='word_1_319' title='bbox 1106 2041 1120 2066; x_wconf 90' lang='lat'><strong>1</strong></span> <span class='ocrx_word' id='word_1_320' title='bbox 1129 2041 1222 2080; x_wconf 80' lang='lat'>794,</span> <span class='ocrx_word' id='word_1_321' title='bbox 1234 2042 1270 2080; x_wconf 91' lang='lat' dir='ltr'>p.</span> <span class='ocrx_word' id='word_1_322' title='bbox 1285 2042 1369 2081; x_wconf 81' lang='lat'>137.</span> <span class='ocrx_word' id='word_1_323' title='bbox 1381 2027 1527 2067; x_wconf 86' lang='lat' dir='ltr'>Chares</span> <span class='ocrx_word' id='word_1_324' title='bbox 1541 2006 1715 2079; x_wconf 53' lang='lat' dir='ltr'>Lynfiius</span> <span class='ocrx_word' id='word_1_325' title='bbox 1724 2026 1805 2078; x_wconf 90' lang='lat' dir='ltr'>Ly-</span> 
     </span>
     <span class='ocr_line' id='line_1_36' title="bbox 535 2077 1801 2135; baseline 0.003 -18"><span class='ocrx_word' id='word_1_326' title='bbox 535 2078 630 2131; x_wconf 87' lang='lat' dir='ltr'>fippi</span> <span class='ocrx_word' id='word_1_327' title='bbox 651 2077 858 2132; x_wconf 81' lang='lat' dir='ltr'>discipulus</span> <span class='ocrx_word' id='word_1_328' title='bbox 868 2079 993 2127; x_wconf 65' lang='lat' dir='ltr'>fecit,</span> <span class='ocrx_word' id='word_1_329' title='bbox 1018 2080 1216 2121; x_wconf 87' lang='lat' dir='ltr'>duodecim</span> <span class='ocrx_word' id='word_1_330' title='bbox 1242 2094 1435 2121; x_wconf 86' lang='lat' dir='ltr'>annorum</span> <span class='ocrx_word' id='word_1_331' title='bbox 1451 2079 1573 2135; x_wconf 81' lang='lat' dir='ltr'>spatio</span> <span class='ocrx_word' id='word_1_332' title='bbox 1584 2079 1633 2120; x_wconf 77' lang='lat' dir='ltr'>&#39;ad</span> <span class='ocrx_word' id='word_1_333' title='bbox 1648 2081 1684 2120; x_wconf 89' lang='lat' dir='ltr'>id</span> <span class='ocrx_word' id='word_1_334' title='bbox 1700 2093 1801 2125; x_wconf 83' lang='lat' dir='ltr'>con-</span> 
     </span>
     <span class='ocr_line' id='line_1_37' title="bbox 536 2132 1802 2188; baseline 0.002 -17"><span class='ocrx_word' id='word_1_335' title='bbox 536 2132 686 2181; x_wconf 85' lang='lat' dir='ltr'>sumto,</span> <span class='ocrx_word' id='word_1_336' title='bbox 707 2146 809 2172; x_wconf 79' lang='lat' dir='ltr'>anno</span> <span class='ocrx_word' id='word_1_337' title='bbox 831 2145 921 2173; x_wconf 88' lang='lat' dir='ltr'>ante</span> <span class='ocrx_word' id='word_1_338' title='bbox 943 2133 1034 2173; x_wconf 86' lang='lat' dir='ltr'>Chr.</span> <span class='ocrx_word' id='word_1_339' title='bbox 1056 2135 1143 2185; x_wconf 88' lang='lat'><em>278.</em></span> <span class='ocrx_word' id='word_1_340' title='bbox 1160 2136 1299 2175; x_wconf 87' lang='lat' dir='ltr'>Annos</span> <span class='ocrx_word' id='word_1_341' title='bbox 1318 2136 1364 2188; x_wconf 84' lang='lat'>56</span> <span class='ocrx_word' id='word_1_342' title='bbox 1382 2148 1470 2175; x_wconf 87' lang='lat' dir='ltr'>cum</span> <span class='ocrx_word' id='word_1_343' title='bbox 1485 2134 1656 2184; x_wconf 63' lang='lat' dir='ltr'>stetisset,</span> <span class='ocrx_word' id='word_1_344' title='bbox 1676 2146 1802 2175; x_wconf 79' lang='lat' dir='ltr'>terrae</span> 
     </span>
     <span class='ocr_line' id='line_1_38' title="bbox 538 2186 1806 2242; baseline 0.002 -17"><span class='ocrx_word' id='word_1_345' title='bbox 538 2197 650 2226; x_wconf 89' lang='lat' dir='ltr'>motu</span> <span class='ocrx_word' id='word_1_346' title='bbox 666 2186 875 2239; x_wconf 79' lang='lat' dir='ltr'>prostratus</span> <span class='ocrx_word' id='word_1_347' title='bbox 887 2187 954 2235; x_wconf 85' lang='lat' dir='ltr'>est,</span> <span class='ocrx_word' id='word_1_348' title='bbox 970 2186 1090 2241; x_wconf 86' lang='lat' dir='ltr'>(anno</span> <span class='ocrx_word' id='word_1_349' title='bbox 1108 2199 1194 2228; x_wconf 82' lang='lat' dir='ltr'>ante</span> <span class='ocrx_word' id='word_1_350' title='bbox 1209 2189 1300 2229; x_wconf 80' lang='lat' dir='ltr'>Chr.</span> <span class='ocrx_word' id='word_1_351' title='bbox 1317 2188 1414 2242; x_wconf 86' lang='lat'>222)</span> <span class='ocrx_word' id='word_1_352' title='bbox 1427 2201 1497 2229; x_wconf 89' lang='lat' dir='ltr'>nec</span> <span class='ocrx_word' id='word_1_353' title='bbox 1513 2201 1682 2242; x_wconf 89' lang='lat' dir='ltr'>unquam</span> <span class='ocrx_word' id='word_1_354' title='bbox 1700 2188 1806 2228; x_wconf 81' lang='lat' dir='ltr'>resti-</span> 
     </span>
     <span class='ocr_line' id='line_1_39' title="bbox 537 2241 1802 2297; baseline 0 -16"><span class='ocrx_word' id='word_1_355' title='bbox 537 2251 655 2281; x_wconf 84' lang='lat' dir='ltr'>tutus.</span> <span class='ocrx_word' id='word_1_356' title='bbox 671 2241 793 2280; x_wconf 86' lang='lat' dir='ltr'>Iacuit</span> <span class='ocrx_word' id='word_1_357' title='bbox 807 2241 852 2281; x_wconf 81' lang='lat' dir='ltr'>ad</span> <span class='ocrx_word' id='word_1_358' title='bbox 867 2254 928 2280; x_wconf 88' lang='lat' dir='ltr'>an.</span> <span class='ocrx_word' id='word_1_359' title='bbox 940 2243 1060 2294; x_wconf 69' lang='lat' dir='ltr'>usque</span> <span class='ocrx_word' id='word_1_360' title='bbox 1073 2242 1215 2283; x_wconf 84' lang='lat' dir='ltr'>Christi</span> <span class='ocrx_word' id='word_1_361' title='bbox 1229 2242 1469 2291; x_wconf 80' lang='lat' dir='ltr'>DCLXXH,</span> <span class='ocrx_word' id='word_1_362' title='bbox 1484 2255 1565 2296; x_wconf 83' lang='lat' dir='ltr'>quo</span> <span class='ocrx_word' id='word_1_363' title='bbox 1578 2254 1690 2297; x_wconf 86' lang='lat' dir='ltr'>capta</span> <span class='ocrx_word' id='word_1_364' title='bbox 1704 2255 1725 2282; x_wconf 85' lang='lat' dir='ltr'>a</span> <span class='ocrx_word' id='word_1_365' title='bbox 1735 2242 1802 2282; x_wconf 81' lang='lat' dir='ltr'>Sa-</span> 
     </span>
     <span class='ocr_line' id='line_1_40' title="bbox 538 2294 1801 2344; baseline 0.002 -11"><span class='ocrx_word' id='word_1_366' title='bbox 538 2295 684 2334; x_wconf 81' lang='lat' dir='ltr'>racenis</span> <span class='ocrx_word' id='word_1_367' title='bbox 695 2294 856 2342; x_wconf 87' lang='lat' dir='ltr'>Rhodo,</span> <span class='ocrx_word' id='word_1_368' title='bbox 867 2297 1020 2335; x_wconf 78' lang='lat' dir='ltr'>vaeniit.</span> <span class='ocrx_word' id='word_1_369' title='bbox 1038 2296 1123 2335; x_wconf 83' lang='lat' dir='ltr'>Post</span> <span class='ocrx_word' id='word_1_370' title='bbox 1143 2308 1201 2335; x_wconf 84' lang='lat' dir='ltr'>tot</span> <span class='ocrx_word' id='word_1_371' title='bbox 1215 2297 1452 2344; x_wconf 80' lang='lat' dir='ltr'>detrimenta,</span> <span class='ocrx_word' id='word_1_372' title='bbox 1463 2308 1614 2336; x_wconf 87' lang='lat' dir='ltr'>tantum</span> <span class='ocrx_word' id='word_1_373' title='bbox 1630 2297 1730 2336; x_wconf 90' lang='lat' dir='ltr'>aeris</span> <span class='ocrx_word' id='word_1_374' title='bbox 1744 2306 1801 2335; x_wconf 83' lang='lat' dir='ltr'>ta-</span> 
     </span>
     <span class='ocr_line' id='line_1_41' title="bbox 537 2345 1841 2397; baseline 0.001 -10"><span class='ocrx_word' id='word_1_375' title='bbox 537 2361 624 2387; x_wconf 87' lang='lat' dir='ltr'>men</span> <span class='ocrx_word' id='word_1_376' title='bbox 640 2348 805 2389; x_wconf 81' lang='lat' dir='ltr'>abiatum</span> <span class='ocrx_word' id='word_1_377' title='bbox 820 2349 892 2397; x_wconf 88' lang='lat' dir='ltr'>est,</span> <span class='ocrx_word' id='word_1_378' title='bbox 909 2361 951 2389; x_wconf 90' lang='lat' dir='ltr'>ut</span> <span class='ocrx_word' id='word_1_379' title='bbox 964 2349 1148 2390; x_wconf 87' lang='lat' dir='ltr'>DCCCC</span> <span class='ocrx_word' id='word_1_380' title='bbox 1162 2349 1309 2390; x_wconf 86' lang='lat' dir='ltr'>Cameli</span> <span class='ocrx_word' id='word_1_381' title='bbox 1321 2363 1372 2390; x_wconf 91' lang='lat' dir='ltr'>eo</span> <span class='ocrx_word' id='word_1_382' title='bbox 1383 2349 1524 2390; x_wconf 87' lang='lat' dir='ltr'>fuerint</span> <span class='ocrx_word' id='word_1_383' title='bbox 1538 2345 1686 2397; x_wconf 68' lang='lat' dir='ltr'>onusti,</span> <span class='ocrx_word' id='word_1_384' title='bbox 1699 2351 1801 2390; x_wconf 86' lang='lat' dir='ltr'>unde</span> <span class='ocrx_word' id='word_1_385' title='bbox 1839 2375 1841 2388; x_wconf 64' lang='lat'>2</span> 
     </span>
     <span class='ocr_line' id='line_1_42' title="bbox 535 2403 1841 2458; baseline 0.002 -17"><span class='ocrx_word' id='word_1_386' title='bbox 535 2403 690 2442; x_wconf 82' lang='lat' dir='ltr'>calculo</span> <span class='ocrx_word' id='word_1_387' title='bbox 699 2403 795 2444; x_wconf 83' lang='lat' dir='ltr'>inito</span> <span class='ocrx_word' id='word_1_388' title='bbox 809 2404 907 2443; x_wconf 87' lang='lat' dir='ltr'>ultra</span> <span class='ocrx_word' id='word_1_389' title='bbox 916 2417 1090 2453; x_wconf 81' lang='lat'>700‚000</span> <span class='ocrx_word' id='word_1_390' title='bbox 1099 2405 1284 2444; x_wconf 86' lang='lat' dir='ltr'>librarum</span> <span class='ocrx_word' id='word_1_391' title='bbox 1295 2405 1428 2458; x_wconf 91' lang='lat' dir='ltr'>pondo</span> <span class='ocrx_word' id='word_1_392' title='bbox 1439 2403 1548 2444; x_wconf 83' lang='lat' dir='ltr'>fuiffe</span> <span class='ocrx_word' id='word_1_393' title='bbox 1562 2403 1681 2457; x_wconf 89' lang='lat' dir='ltr'>liquet</span> <span class='ocrx_word' id='word_1_394' title='bbox 1693 2434 1706 2450; x_wconf 94' lang='lat'>,</span> <span class='ocrx_word' id='word_1_395' title='bbox 1724 2403 1801 2444; x_wconf 79' lang='lat' dir='ltr'>Ca·</span> <span class='ocrx_word' id='word_1_396' title='bbox 1840 2414 1841 2428; x_wconf 73' lang='lat'><em>³</em></span> 
     </span>
     <span class='ocr_line' id='line_1_43' title="bbox 534 2456 1801 2511; baseline 0.002 -17"><span class='ocrx_word' id='word_1_397' title='bbox 534 2456 637 2495; x_wconf 88' lang='lat' dir='ltr'>melo</span> <span class='ocrx_word' id='word_1_398' title='bbox 664 2458 806 2510; x_wconf 86' lang='lat' dir='ltr'>cuique</span> <span class='ocrx_word' id='word_1_399' title='bbox 830 2470 967 2510; x_wconf 88' lang='lat' dir='ltr'>nempe</span> <span class='ocrx_word' id='word_1_400' title='bbox 990 2457 1138 2499; x_wconf 69' lang='lat' dir='ltr'>DCCC</span> <span class='ocrx_word' id='word_1_401' title='bbox 1162 2458 1267 2500; x_wconf 82' lang='lat' dir='ltr'>libris</span> <span class='ocrx_word' id='word_1_402' title='bbox 1289 2457 1490 2511; x_wconf 82' lang='lat' dir='ltr'>affignatis.</span> <span class='ocrx_word' id='word_1_403' title='bbox 1510 2458 1603 2498; x_wconf 88' lang='lat' dir='ltr'>Vid.</span> <span class='ocrx_word' id='word_1_404' title='bbox 1618 2468 1700 2498; x_wconf 91' lang='lat' dir='ltr'>not.</span> <span class='ocrx_word' id='word_1_405' title='bbox 1723 2471 1801 2497; x_wconf 90' lang='lat' dir='ltr'>no-</span> 
     </span>
     <span class='ocr_line' id='line_1_44' title="bbox 534 2507 1841 2571; baseline 0.005 -24"><span class='ocrx_word' id='word_1_406' title='bbox 534 2507 645 2554; x_wconf 68' lang='lat' dir='ltr'>stram</span> <span class='ocrx_word' id='word_1_407' title='bbox 661 2511 707 2551; x_wconf 89' lang='lat' dir='ltr'>ad</span> <span class='ocrx_word' id='word_1_408' title='bbox 725 2511 923 2561; x_wconf 65' lang='lat' dir='ltr'>‘157.2&#39;‚c.</span> <span class='ocrx_word' id='word_1_409' title='bbox 942 2512 1001 2553; x_wconf 84' lang='lat'>18.</span> <span class='ocrx_word' id='word_1_410' title='bbox 1016 2511 1080 2553; x_wconf 85' lang='lat' dir='ltr'>De</span> <span class='ocrx_word' id='word_1_411' title='bbox 1096 2523 1219 2555; x_wconf 84' lang='lat' dir='ltr'>terrae</span> <span class='ocrx_word' id='word_1_412' title='bbox 1236 2523 1348 2554; x_wconf 88' lang='lat' dir='ltr'>motu</span> <span class='ocrx_word' id='word_1_413' title='bbox 1360 2544 1372 2564; x_wconf 79' lang='lat'>‚</span> <span class='ocrx_word' id='word_1_414' title='bbox 1396 2525 1479 2571; x_wconf 88' lang='lat' dir='ltr'>quo</span> <span class='ocrx_word' id='word_1_415' title='bbox 1499 2511 1716 2570; x_wconf 74' lang='lat' dir='ltr'>prostratus</span> <span class='ocrx_word' id='word_1_416' title='bbox 1726 2511 1804 2565; x_wconf 77' lang='lat' dir='ltr'>est,</span> <span class='ocrx_word' id='word_1_417' title='bbox 1838 2511 1841 2522; x_wconf 75' lang='lat'><strong>⁴</strong></span> 
     </span>
    </p>
   </div>
  </div>
 </body>
</html>
