1768 3185
196 265 266 311 IN
298 263 508 310 VERAE
547 262 897 310 HISTORIAE
932 263 1044 309 Lm,
1081 266 1113 310 I.
1208 279 1303 331 549

30 380 39 394 ι
70 354 149 394 ead.
164 353 188 393 l.
205 354 266 394 16.
279 355 325 391 Tb
343 351 493 407 ῥεῦμα)
516 353 737 394 Articulum
757 354 794 393 in
809 354 891 394 edd.
908 354 1146 395 deficientem
1162 358 1302 398 addidi·

16 420 110 448 mus
127 420 176 447 ex
199 406 272 447 ΜΓ.
297 406 395 459 Reg.
418 421 533 460 3011.

75 461 155 500 ibid.
170 459 376 515 Ἐνιαχοῦ)
390 462 453 501 Ad
466 462 502 501 h.
523 475 562 501 v.
583 462 621 500 in
639 462 775 502 eodem
794 460 866 502 ΜΓ.
890 462 1027 516 legitur
1041 463 1245 504 Scholion:
1265 465 1306 506 ἐν

18 515 98 555 τισὶ
112 516 252 555 τόποις.

77 569 271 622 Pug-,225.
285 569 309 606 l.
327 583 360 621 3.
375 568 502 621 Δόξαν
517 569 564 609 δέ
574 569 664 623 μοι)
685 568 805 610 Conf.
820 583 914 611 mox
928 569 1025 611 infra
1039 571 1155 613 huius
1172 585 1318 629 narra-¹

0 655 1 675 ¹
20 621 137 662 tionis
148 635 182 662 c.
200 636 214 661 1
228 637 259 662 1.
274 622 420 662 Rcrrz.

76 676 166 730 Pag.
183 676 272 716 226.
285 677 308 715 l.
327 690 358 716 ι.
370 676 552 716 Τοιαύτην
566 677 657 729 παρ’
669 675 752 727 ἧμῖν
764 677 830 717 τὴν
846 679 994 726 Δάφνην
1007 678 1222 733 γράφουσι)
1236 679 1302 718 In-

22 739 228 784 terpretes‚
242 732 343 770 talem
354 734 452 783 apud
462 746 525 770 nos
539 732 715 784 Daphnen
731 733 926 784 describunt.
941 733 1068 774 Immo
1083 747 1165 774 non
1181 735 1301 787 magis

23 782 240 836 Daphnen,
254 797 371 838 quam
391 784 715 825 Phaethontiadas
727 816 738 832 ,
752 800 869 839 quam
887 787 1115 838 Myrrham,
1132 788 1300 840 aliasque

23 837 62 877 in
75 839 172 879 idem
187 840 426 879 immutatas:
445 852 570 891 neque
585 840 647 878 liic
660 840 871 893 quidquam
886 841 1156 894 descriptiones
1170 845 1300 894 poeta-

23 905 111 932 rum
127 903 194 933 aut
214 892 603 934 fabulantium.Verti
628 895 784 944 debuit,
804 896 904 934 talem
925 899 1023 949 apud
1039 912 1102 936 nos
1116 897 1301 951 depingunt

21 948 201 1000 Daphnen
216 947 291 987 διε.
307 947 455 988 GRON.

77 1004 151 1040 ead.
167 1003 191 1042 l.
203 1017 239 1050 4.
255 1001 419 1054 Meo-⁷02)
436 1001 492 1041 Ex
511 1000 581 1041 Ms.
594 1001 690 1054 Reg.
705 1016 820 1054 2954.
832 1002 949 1056 Vulg.
963 1004 1119 1054 μεσταί.

37 1098 44 1107 ,
78 1058 152 1095 ead.
168 1057 191 1094 l.
204 1069 241 1105 7.
257 1055 492 1108 Ἠσπέιζοντο
508 1057 571 1094 καὶ
584 1057 599 1108 )
614 1055 685 1095 Ms.
699 1056 796 1110 Reg.
812 1071 858 1108 29
869 1070 914 1109 54
927 1055 1140 1105 ἠσπάζοντό
1151 1074 1194 1098 τε
1209 1058 1274 1098 καὶ
1285 1054 1308 1107 ,’

26 1109 91 1149 cui
109 1109 262 1149 leRioni
277 1108 406 1158 favet,
424 1110 531 1164 quod
545 1111 582 1149 in
591 1111 669 1149 ΜΓ.
686 1111 782 1164 Reg.
798 1124 866 1163 301
882 1125 893 1147 ι
914 1111 1068 1164 legitur,
1083 1110 1226 1164 ἱνα-πάξ.
1240 1128 1305 1151 το-

25 1178 71 1204 τε
83 1163 160 1203 καί.
174 1163 314 1217 Quare
326 1164 417 1204 illud
429 1179 494 1212 τε,
510 1165 619 1217 quod
633 1165 760 1205 deerat
776 1166 814 1204 in
825 1165 905 1204 edd.
921 1166 959 1204 in
974 1178 1122 1206 textum
1142 1167 1216 1206 iam
1236 1167 1302 1207 ad-

25 1219 176 1269 mittere
195 1231 276 1258 non
295 1218 571 1259 dubitavimus.

82 1274 156 1312 ead.
169 1274 193 1311 l.
213 1273 273 1312 16.
283 1266 394 1312 “Oa-ov
407 1270 577 1325 οὖὲέπω)
591 1273 653 1313 Sic
667 1272 876 1312 Herodian.
890 1273 920 1321 1,
937 1286 997 1326 13,
1009 1275 1049 1322 6,
1066 1273 1151 1324 ἧμῖν
1167 1273 1211 1313 Σὲ
1226 1274 1303 1327 (αἴ-

27 1326 131 1380 τιον)
153 1325 324 1377 ἐσόμενον
346 1326 430 1366 ὅσον
452 1322 610 1366 οὐδέπω.
629 1326 789 1374 Confer,
805 1326 832 1366 fi
846 1327 976 1375 lubet,
990 1329 1035 1368 de
1051 1330 1173 1368 Merc.
1189 1329 1303 1369 cond.

26 1392 111 1434 cap.
127 1394 169 1433 3¹
190 1379 214 1420 f.
232 1381 296 1420 ubi
318 1381 447 1420 eadem
465 1382 608 1434 phrasis
623 1394 830 1422 occurrens
851 1382 979 1422 obiter
996 1383 1222 1436 explicatur.
1238 1383 1302 1423 Sic

28 1433 111 1474 ‘do-ov
124 1433 227 1474 οὔπω
242 1435 368 1488 Bergl.
383 1436 430 1475 ad
443 1436 614 1489 Alciphr.
631 1435 667 1483 Ι,
686 1450 746 1474 ιο.
763 1436 910 1475 ΗΕΠΖ.

41 1535 44 1538 ¹
86 1489 176 1543 Pag.
195 1489 320 1540 227.l.
339 1504 372 1543 3.
388 1491 617 1541 Συμπλοκὶιν
640 1490 729 1543 καὶ)
753 1489 859 1530 Haec
874 1488 1006 1530 desunt
1022 1490 1062 1529 in
1079 1490 1177 1531 Cod.
1198 1490 1304 1531 Flor.

30 1541 205 1584 Bonan.

85 1600 162 1637 ead.
179 1598 203 1636 l.
221 1610 252 1649 5.
271 1597 520 1651 Οἱνισίιμενοι)
535 1597 666 1638 Minus
679 1597 796 1637 etiam
807 1629 819 1645 ,
833 1611 948 1650 quam
963 1598 1000 1636 in
1016 1597 1097 1637 aliis
1108 1627 1121 1644 ,
1134 1597 1308 1650 asseque-

31 1663 121 1691 mur
134 1652 171 1690 in
186 1651 286 1693 hisce
298 1653 402 1692 libris
412 1652 571 1692 Luciani
587 1651 836 1692 suavitatem:
851 1652 956 1705 quod
971 1652 1096 1691 mollis
1113 1652 1153 1691 &
1168 1653 1203 1690 in
1220 1665 1308 1704 par-

31 1716 90 1751 tes
102 1718 238 1746 omnes
253 1706 397 1760 sequax
412 1707 541 1760 lingua
554 1706 782 1746 liberrimam
803 1706 854 1745 illi
873 1705 1042 1759 fingendi
1062 1718 1182 1745 voces
1199 1718 1308 1759 pote-

33 1758 167 1802 statem
189 1760 342 1808 tribuit,
366 1774 483 1814 quam
500 1761 680 1800 Romana
700 1759 843 1813 refugit
863 1760 1059 1800 modestia.
1082 1759 1186 1812 Quis
1205 1761 1308 1800 enim

34 1812 131 1854 ferar
144 1827 217 1855 nos
227 1845 240 1862 ,
254 1814 283 1854 fi
298 1815 361 1855 hic
374 1814 492 1868 preffe
507 1814 625 1854 secuti
641 1815 760 1854 verba
776 1815 926 1855 Graeca
939 1827 1186 1867 poneremus,
1199 1830 1309 1866 aqua-

35 1868 63 1919 31⁸
70 1870 180 1921 fimul
190 1870 226 1908 6’
245 1885 289 1908 ex
301 1870 416 1921 fluw'o
435 1869 575 1908 ὶνὶηιιιὶ.Ρ
591 1870 712 1921 Atqui
727 1882 746 1907 a
761 1868 853 1920 ligno
873 1868 996 1919 lignari
1012 1868 1088 1913 est,
1108 1868 1237 1920 quidni
1255 1868 1311 1905 νὶ-

35 1924 112 1962 nan·
127 1936 148 1962 a
163 1924 274 1963 vino?
288 1924 439 1977 Nempe
457 1923 587 1964 Graiis
602 1934 751 1976 praeter
768 1923 962 1974 ingenium
982 1922 1098 1960 etiam
1118 1921 1218 1960 dedit
1239 1934 1313 1961 ore

37 1976 211 2029 rotundo
228 1976 339 2017 Musa
352 1976 480 2031 loqui:
496 1990 569 2016 nos
580 1975 709 2016 Musas
721 1977 884 2015 colimus
894 1975 1117 2014 severiores.
1132 1974 1252 2015 Simili
1264 1975 1311 2015 de

40 2030 155 2071 causa
170 2032 420 2085 Hippogypw,
434 2031 750 2084 Hippomyrmcces,
764 2031 804 2069 ὅ(
824 2030 861 2069 id
873 2043 993 2082 genus
1008 2028 1219 2082 composita
1230 2059 1241 2074 ,
1258 2028 1314 2068 se-

41 2086 116 2125 mel
130 2086 282 2138 quidem
304 2087 343 2124 in
363 2084 574 2138 parenthesi
595 2087 892 2136 interpretamur
907 2084 1151 2138 equivultures,
1167 2083 1206 2122 &
1222 2083 1314 2134 cqui-

36 2138 224 2192 fhrmicas:
245 2151 416 2179 ceterum
431 2151 474 2178 ut
495 2139 740 2192 propriorum
757 2138 918 2178 formam
934 2138 1140 2184 retineant,
1158 2137 1313 2176 &illam

42 2194 325 2247 peregrinitatis
342 2194 743 2239 commendationem,
767 2192 926 2233 Graecis
946 2193 1135 2232 ordinarie
1157 2193 1317 2232 utimur.

42 2247 175 2289 stu.

51 2345 53 2347 ,
97 2306 173 2342 ead.
185 2303 210 2341 l.
220 2315 256 2355 9.
269 2296 371 2355 Οἶον)
384 2299 557 2353 Quidam
572 2300 773 2354 legendum
789 2311 924 2353 putant
937 2298 1027 2339 ἕσαν.
1039 2299 1210 2338 Bomio.
1224 2299 1319 2338 Non

45 2354 214 2409 designat
226 2355 356 2396 Solan.
369 2357 526 2409 quinam
545 2354 708 2394 Codices
722 2354 806 2394 ἴσον
829 2354 1010 2399 habeant,
1025 2354 1167 2405 alioqui
1181 2353 1321 2392 delibe-

46 2409 180 2450 raffem
193 2440 204 2457 ‚
221 2422 321 2449 anne
333 2409 537 2463 praestaret
551 2409 588 2448 id
608 2410 737 2458 recipi.
759 2408 815 2448 Ita
830 2409 932 2448 enim
955 2406 1048 2447 solet
1062 2406 1202 2446 Noster
1222 2407 1325 2456 ὅσον,

49 2476 129 2503 non
143 2461 213 2504 οἷον
228 2464 401 2503 numeris
412 2464 570 2509 addere,
583 2476 624 2503 ut
638 2462 735 2502 infra
755 2475 788 2501 c.
806 2476 876 2515 30,
891 2462 973 2501 ὅσον
989 2460 1155 2500 σταδίων
1171 2462 1325 2513 χιλίων,

50 2530 97 2561 ac
111 2527 189 2559 tam
202 2517 312 2570 saepe
329 2518 438 2565 alibi,
453 2530 496 2557 ut
510 2517 579 2556 vix
598 2530 698 2570 opus
713 2517 757 2556 fit
771 2518 881 2571 plura
897 2517 1053 2554 addere:
1073 2516 1179 2567 quod
1194 2527 1262 2554 nec
1274 2527 1327 2554 ex

53 2571 134 2612 aliis
148 2571 318 2627 proferri
332 2584 434 2626 opus
447 2571 524 2618 est,
539 2571 605 2611 nisi
626 2584 674 2612 ex
695 2570 779 2612 solo
799 2571 921 2623 Long.
938 2569 1031 2662 §111st
1051 2569 1092 2607 L.
1114 2583 1158 2616 2,
1173 2581 1257 2624 pag.
1273 2581 1331 2623 70

997 2637 1033 2661 ¹¹¹
1066 2637 1085 2676 3
