1841 3180
458 176 554 222 490
656 156 1533 206 ANNOTATIONES

454 248 531 287 rias
547 247 693 289 recitari
715 248 838 301 vulgo
852 247 1012 287 audierit
1025 275 1035 293 ‚
1053 247 1094 286 &
1110 260 1202 286 mox
1222 247 1258 285 in
1277 247 1383 287 Ionia
1405 247 1569 288 eiusdem
1590 248 1733 291 farinae

453 301 591 355 scripta
602 333 615 349 ‚
632 313 723 341 ante
738 302 957 342 confectum
974 301 1010 340 id
1024 301 1167 339 bellum
1183 302 1401 353 nuperrime
1414 303 1560 342 viderit.
1573 303 1733 344 δοῖ-ΑΝ.
1790 299 1804 330 ·’ῑ

511 360 588 395 ead.
603 358 626 395 l.
646 371 700 404 ¹4·
716 355 858 408 Πρώην)
871 354 929 394 Cf.
947 368 1040 394 mox
1052 368 1084 394 c.
1103 369 1147 403 ¹7
1162 369 1217 407 pr.
1232 355 1366 394 δῑἹστ.
1379 355 1430 404 α’,
1445 369 1481 396 c.
1497 371 1555 410 33.
1572 356 1732 398 SOLAN.

511 411 601 464 Pag.
620 424 632 448 1
643 425 664 454 7
675 423 705 461 5.
722 411 744 447 l.
760 425 791 463 3.
807 411 918 460 Παρὰ
930 408 1055 461 πόθοι)
1068 408 1188 448 Κεξίε
1201 409 1314 461 Angl.
1333 408 1430 449 Cod.
1445 412 1540 461 περὶ.
1552 410 1612 450 Sic
1624 412 1734 464 Apo-

456 464 535 517 log.
549 465 595 503 de
613 464 781 502 Merced.
797 464 908 502 cond.
922 463 985 502 De
1007 463 1081 502 hoc
1102 463 1286 514 proverb.
1301 462 1471 514 Hesych.
1487 463 1642 512 Polluit,
1656 466 1734 506 Ca·
1798 444 1807 490 ‘i

456 517 560 558 saub.
581 518 626 557 ad
648 516 824 556 charact.
839 516 1019 570 Theoph.
1035 517 1209 556 Bomio.
1229 517 1292 556 An
1310 518 1568 567 conveniens,
1587 520 1610 559 i.
1634 533 1667 559 e.
1681 519 1734 569 τῷ

457 571 551 612 ποθὶ
564 570 800 622 ἃρμὸζουσοις
814 570 981 611 GUYET.
995 571 1081 622 Περὶ
1097 571 1205 610 πόθοι
1218 570 1268 619 τξῖ
1281 570 1387 624 ἱστ.)
1402 570 1460 610 Ex
1475 572 1592 626 Angl.
1605 575 1677 613 W.
1695 573 1734 613 P.

458 627 499 665 δε
514 626 555 664 L.
571 637 643 678 pro
657 624 818 678 vulgato
836 625 958 675 ποιρέο.
970 624 1190 665 casauboni
1205 624 1268 678 (ad
1281 625 1481 678 Theophr.
1495 626 1612 666 Char.
1630 641 1664 679 p.
1682 641 1734 668 m.

460 692 473 716 ι
487 677 576 731 38.)
596 678 756 718 ulterior
771 680 987 718 emendatio
1004 678 1078 726 est3
1100 691 1237 731 nempe
1251 678 1298 729 τῆ
1316 678 1472 731 ἱστορίᾳ.
1485 679 1602 720 Certe
1619 682 1656 720 in
1673 682 1733 721 ed.

458 735 490 770 J.
508 746 596 772 cum
612 734 693 773 iota
707 731 915 785 subscripto
930 733 1063 773 ultima
1077 746 1160 772 vox
1174 734 1354 774 cernitur.
1366 734 1499 773 Ἀπολ.
1518 739 1630 783 pato-3.
1646 748 1679 775 c.
1693 751 1735 784 4.

454 786 573 826 Ratio
587 787 842 838 proverbialis
858 786 965 826 istius
980 786 1191 827 locutionis
1205 800 1226 825 a
1238 788 1375 827 calceis
1386 788 1500 840 petita
1514 789 1581 835 est,
1595 788 1641 828 de
1654 803 1732 842 qua

451 841 551 879 idem
567 840 818 881 Casaubonus
836 841 925 880 ibid.
940 842 1099 881 SOLAN.
1113 841 1290 881 Omnino
1306 842 1506 894 probanda
1520 843 1636 883 leelio
1648 844 1731 895 περὶ

453 893 574 934 πόθοι.
589 895 766 935 Acumen
781 895 818 933 in
832 908 881 935 eo
896 895 1008 943 inest,
1027 895 1134 947 quod
1149 906 1278 934 narrat
1292 908 1371 934 non
1391 894 1570 936 historiae
1583 909 1734 938 accom-

454 949 654 988 modatum
672 962 794 1002 genus
808 950 974 998 dicendi,
988 950 1190 1002 ipsumque
1203 950 1301 989 adeo
1311 950 1532 996 exordium,
1547 950 1608 991 sed
1623 950 1736 991 histo-

451 1003 549 1042 riam
572 1004 623 1042 ita
643 1002 850 1043 institutam
864 1034 876 1049 ,
894 1015 935 1042 ut
950 1016 996 1043 ea
1018 1004 1212 1056 poeticum
1229 1004 1269 1043 &
1289 1003 1508 1044 fabulosum
1527 1005 1733 1045 exordium

452 1057 618 1097 deceret.
634 1059 830 1097 Exordium
847 1057 900 1097 est
915 1058 1024 1097 velut
1039 1070 1120 1110 pes,
1142 1058 1207 1097 cui
1220 1069 1403 1111 tanquam
1415 1058 1566 1100 calceus
1579 1072 1734 1100 accom-

454 1112 636 1151 modetur
648 1112 793 1164 reliqua
806 1112 925 1163 inepti
941 1110 1136 1165 scriptoris
1149 1111 1312 1152 historia.
1327 1111 1459 1152 GESN.

508 1168 581 1204 ead.
597 1167 620 1205 l.
636 1180 673 1214 4.
686 1165 892 1219 Ἀχιλλεῖ)
910 1167 1072 1205 Homer.
1090 1166 1133 1205 11.
1153 1171 1176 1204 B
1187 1197 1197 1213 ‚
1215 1167 1302 1206 216.
1317 1166 1478 1206 SOLAN.

507 1223 583 1259 ead.
606 1221 631 1259 l.
647 1233 684 1271 7.
699 1220 736 1259 Εἰ
752 1220 914 1273 πρόσθεν
927 1220 1033 1273 &c.)
1051 1221 1212 1259 Homer.
1228 1220 1332 1259 Iliad.
1349 1227 1379 1259 X
1392 1251 1404 1267 ,
1421 1235 1437 1260 1-
1449 1219 1507 1272 58.
1525 1220 1681 1260 SOLAN.
1695 1221 1735 1262 St

450 1272 573 1325 ipsum
592 1274 755 1314 Homeri
770 1273 924 1314 versum
939 1275 1069 1314 voluit
1081 1273 1223 1314 referre
1239 1274 1453 1321 Lucianus,
1465 1273 1517 1315 slc
1529 1276 1735 1316 mutandus

453 1329 548 1367 erit:
567 1328 713 1380 Πρὸσδε
736 1327 804 1379 μὲν
824 1329 959 1368 {ambs
987 1329 1143 1382 ἔφευγε,
1165 1328 1278 1368 δίωκε
1300 1327 1346 1368 ἓὲ
1365 1343 1430 1379 μιν
1451 1329 1546 1382 μέγ’
1567 1329 1734 1380 ἀμείνων.

453 1382 527 1421 Sed
550 1383 643 1434 quia-
655 1381 780 1423 sensus
805 1382 987 1435 vulgatae
1008 1382 1120 1422 sanus
1135 1381 1213 1429 est,
1228 1382 1269 1422 &
1290 1384 1452 1422 mutatio
1474 1383 1589 1422 nimia
1609 1382 1734 1430 foret,

452 1437 548 1476 nihil
564 1438 602 1476 in
614 1446 726 1476 textu
742 1438 921 1485 immuto,
937 1436 1162 1477 allusionem
1179 1447 1346 1484 tantum,
1360 1450 1445 1477 non
1453 1437 1733 1485 recitationem,

452 1489 527 1531 effe
542 1491 873 1531 credens.RE1Tz.

508 1548 582 1584 ead.
599 1547 621 1585 l.
637 1560 672 1598 9.
684 1545 798 1596 Ὕπὲς
813 1542 930 1585 αὐτοῦ
941 1561 980 1585 τι
995 1545 1102 1599 byn.)
1116 1546 1329 1586 Arrianum
1341 1546 1576 1595 imitabatur,
1587 1546 1655 1599 qui
1668 1546 1734 1586 ini-

452 1599 510 1638 tio
524 1599 606 1638 libri
628 1600 673 1639 de
687 1599 799 1653 gestis
812 1600 1022 1640 Alexandri
1043 1599 1080 1639 se
1097 1599 1219 1654 ipsum
1231 1601 1345 1650 μάλα
1367 1600 1551 1653 φορτικῶς
1574 1599 1733 1640 ἐπαινεῖ.

453 1653 517 1692 LA
532 1653 693 1694 CRozss.
710 1651 844 1703 Αὐτοῦ,
858 1655 963 1707 quod
986 1655 1023 1694 in
1041 1654 1122 1694 edd.
1145 1655 1206 1693 hic
1229 1654 1440 1707 legebatur,
1462 1655 1501 1694 in
1515 1650 1634 1694 αὑτοῦ
1651 1667 1733 1695 mu-

452 1708 609 1747 tandum
624 1707 699 1749 effe
710 1738 723 1755 ,
738 1708 836 1749 bene
851 1709 1000 1748 monuit
1013 1709 1058 1748 cl.
1075 1709 1117 1748 Β.
1131 1709 1176 1748 de
1192 1708 1287 1748 Ball.

509 1766 583 1802 ead.
596 1763 619 1802 l.
636 1777 649 1802 1
661 1777 694 1816 3.
708 1762 904 1816 Φροιμίου)
917 1764 995 1803 Ubi
1008 1763 1047 1802 in
1060 1763 1240 1802 omnibus
1251 1762 1332 1802 aliis
1343 1761 1574 1803 editionibus
1588 1791 1600 1811 ‚
1619 1762 1675 1802 uti
1689 1762 1732 1803 δε

453 1815 494 1854 in
513 1817 583 1857 hac
596 1816 838 1856 Salmuriensi
850 1847 861 1865 ‚
883 1817 985 1857 recle
1003 1817 1154 1870 legatur
1169 1817 1232 1856 ἐπὶ
1245 1815 1351 1856 τέλει
1371 1815 1436 1856 τοῦ
1450 1816 1641 1869 φροιμίου,
1663 1815 1732 1856 seli

454 1870 835 1911 Amstelaedamensis
849 1871 1023 1911 editionis
1036 1881 1306 1923 procuratores
1324 1871 1509 1911 dederunt
1521 1870 1707 1922 προοιμίου
1718 1899 1731 1916 ,

454 1924 578 1976 ignari
590 1924 727 1965 scilicet
738 1956 748 1973 ,
761 1925 936 1966 Graecos
951 1926 990 1964 δι
1008 1926 1192 1976 προοίμιον
1205 1926 1244 1964 &
1259 1926 1424 1976 φροίμιον
1439 1925 1566 1965 dicere
1577 1956 1588 1972 ‚
1602 1924 1643 1964 δι
1655 1924 1734 1964 Lu-

454 1980 609 2018 cianum
622 1980 738 2019 etiam
748 1979 858 2031 saepe
873 1980 961 2019 alibi
975 1980 1051 2020 hoc
1066 1978 1249 2018 maluiffe.
1266 1979 1372 2018 IENS.
1385 1979 1490 2018 Nihil
1506 1979 1733 2019 variationis

454 2032 517 2073 hic
528 2033 603 2073 loci
615 2044 821 2073 notaverat
831 2034 960 2073 Solan.
975 2034 1076 2074 Cum
1093 2046 1190 2073 vero
1207 2033 1348 2073 lenfius
1359 2032 1473 2083 dicat,
1488 2032 1606 2073 solam
1622 2035 1733 2086 Amst.

453 2086 582 2140 legere
595 2088 803 2140 προοιμίου,
822 2087 897 2141 ipse
916 2088 999 2128 edd.
1015 2088 1186 2136 contuli,
1199 2087 1359 2141 vidique
1370 2088 1473 2128 recte
1487 2087 1589 2127 hunc
1601 2085 1732 2128 obser·-

454 2141 582 2189 vaffe,
597 2143 678 2182 edd.
695 2152 789 2182 vett.
809 2142 950 2182 habere
963 2142 1152 2195 φροιμίου;
1167 2151 1331 2194 excepta
1351 2152 1481 2182 tamen
1498 2142 1611 2181 etiam
1628 2140 1732 2181 Pari-

455 2195 535 2235 sma
546 2226 557 2245 ,
573 2210 673 2249 quae
687 2209 809 2249 aeque
820 2209 865 2236 ac
880 2196 1002 2236 Amst.
1016 2198 1203 2248 προοιμίου
1215 2196 1349 2236 habet:
1366 2196 1472 2249 quod
1487 2195 1638 2248 quidem
1651 2208 1734 2235 non

455 2251 545 2289 ideo
560 2261 682 2298 noto,
700 2262 745 2290 ut
763 2264 851 2290 eum
872 2252 1099 2304 redarguam
1119 2251 1158 2290 in
1181 2263 1222 2290 re
1239 2251 1378 2290 nullius
1393 2250 1600 2298 momenti,
1615 2248 1674 2289 sed
1687 2261 1731 2289 ut

455 2303 715 2345 Graevianam
735 2305 962 2350 editionem,
979 2305 1123 2357 alioqui
1146 2304 1300 2357 peffime
1323 2305 1488 2344 habitam
1505 2318 1526 2343 a
1540 2315 1729 2356 typogra-

456 2359 542 2410 phis
560 2359 600 2398 &
616 2359 921 2407 correCioribus,
944 2360 1006 2399 hic
1024 2357 1201 2398 excusem
1214 2374 1226 2407 ;
1240 2360 1329 2412 quia
1347 2357 1456 2398 suum
1477 2358 1664 2410 προοιμίου
1679 2370 1731 2398 ex

457 2413 544 2451 Par.
557 2413 752 2454 desumere
777 2425 950 2467 potuere.
976 2412 1134 2452 Reffius
1157 2423 1287 2453 autem
1309 2412 1371 2452 hic
1421 2422 1553 2464 ropter
1566 2409 1729 2451 consen-

454 2463 534 2505 sum
546 2498 558 2516 ,
575 2468 746 2522 φροιμίου
761 2469 819 2509 edi
834 2480 983 2509 certum
1003 2466 1072 2518 est,
1100 2467 1212 2521 idque
1234 2480 1358 2521 aeque
1377 2427 1573 2508 graecum
1586 2464 1659 2506 effe
1673 2476 1730 2506 at-
