1768 3185
232 132 333 207 'IN
373 157 796 205 HERODOTUM
830 155 970 202 SIVE
1003 154 1142 202 AET.
1242 174 1333 223 433

50 242 198 302 Jhoriam
208 262 281 287 eam
293 246 444 288 condidit
458 247 494 285 in
511 247 650 285 Thuriis
662 246 698 284 in
719 246 836 284 Italia.
856 244 949 285 Non
969 243 1082 297 igitur
1094 258 1115 285 e
1131 243 1249 285 Caria
1264 247 1340 287 sol·

63 314 161 342 vens
175 302 266 341 adiit
277 301 451 342 Graecos
466 301 505 340 δι
518 310 757 339 conventum
771 299 1071 352 olympiacum,
1087 310 1130 338 ut
1146 299 1339 340 historiam

42 353 171 395 'suam
184 356 224 394 in
237 368 284 395 ea
299 354 521 394 celebritate
543 354 743 399 recitaret,
764 352 826 406 (ut
850 353 924 392 hoc
943 352 1034 392 loco
1053 353 1180 392 scribit
1200 353 1343 401 Lucia·

62 409 156 462 nus)
168 408 197 448 fi
213 421 300 449 eam
312 418 394 448 tum
411 408 567 447 demum
581 407 722 460 scripsit
737 436 749 452 ,
766 420 855 446 cum
872 408 994 459 patria
1007 406 1135 446 relicia
1151 405 1274 447 facins
1285 408 1340 447 est

65 463 236 502 Thurius
249 463 358 502 civis.
371 462 424 500 At
440 460 575 500 Suidas
591 474 683 500 cum
707 461 831 499 Plinio
847 464 888 499 ὅ(
910 460 1082 500 Luciano
1103 471 1249 513 pugnat
1277 461 1340 500 Sic

63 517 168 556 enim
184 515 309 556 scribit
331 517 369 555 in
391 528 493 555 voce
505 514 706 566 Ὴρὸθοτας·
725 516 896 564 μετέστη
912 513 956 553 25³:-
980 513 1012 553 ὲν
1026 514 1145 565 Σάμῳ
1158 515 1230 554 ὃιὰ.
1242 514 1342 569 Λύγ-

64 569 187 621 &quw
210 572 272 610 τὸν
295 571 373 609 ἀπὸ
393 569 635 620 Ἀρτημια-ίας
657 569 776 618 τρίτον
799 569 966 618 τύραννον
981 567 1340 619 ‘Ananoepro'to’o’omkr

66 617 126 664 οἶν
135 621 185 673 ‘tii'
196 623 315 675 Σάμῳ
328 623 392 662 κατὰ
404 625 468 663 τὴν
481 620 738 673 Ἰἁρὃιῦἡσκίιθη
756 620 976 667 διάλεκτον,
989 622 1051 660 καὶ
1064 622 1236 674 ἕγρκιψεν
1246 622 1344 662 ἕστο·

65 678 145 730 ρίαν
163 678 200 716 ἐν
219 678 380 723 βιβλίοις
394 678 442 723 3',
460 676 495 715 id
513 675 587 722 est,
605 675 733 727 ficeffi't
744 691 821 713 vero
846 675 986 714 Samum
998 689 1135 727 propter
1143 676 1342 728 Lygdzndn

66 733 200 772 tertium
211 733 254 770 ab
269 730 450 780 Artemlfia
469 743 656 782 tyrannum
669 728 1058 781 Halieumfflflzfficm.
1073 731 1172 768 Sami
1185 731 1290 781 igitur
1305 733 1342 770 δ’

67 785 242 824 dialeaum
269 786 421 824 Ionicum
442 785 610 830 exercuit,
635 783 670 820 δ’
692 784 861 836 Iustorum
877 783 1012 834 seris-fit
1034 785 1069 821 in
1095 785 1188 823 libris
1209 800 1341 825 novem.

68 838 173 892 Quis
187 851 271 878 eam
286 839 390 878 litem
412 836 583 880 dirimant?
607 836 752 876 Plinius
768 837 979 888 antiquior,
1002 836 1196 876 Lucianus
1215 841 1343 878 omnis

67 893 328 934 Graecanicae
350 891 587 944 antiquitatis
597 921 608 939 ‚
633 889 661 929 si
685 891 770 943 quis
798 890 914 938 alius,
942 889 1094 929 callens.
1116 891 1251 931 Suidas
1274 891 1342 932 sua

67 947 203 987 omnia
217 959 266 986 ex
285 946 455 999 antiquis
471 944 719 989 auctoribus,
741 944 808 997 qui
831 943 901 983 suo
923 957 1098 996 tempore
1123 945 1342 994 exstabant,

68 1001 198 1041 habet.
210 1000 468 1041 Coniecturae
481 1000 595 1038 etiam
609 998 791 1051 utrinque
804 998 977 1037 militant.
991 998 1048 1037 Ex
1060 998 1250 1046 laudibus,
1262 1002 1346 1054 qui-

69 1055 143 1094 bus
156 1054 308 1094 abunde
321 1053 510 1107 perfundit
522 1051 767 1092 Artemisiam
777 1081 790 1098 ‚
805 1052 956 1091 videtur
970 1064 1016 1091 ea
1035 1052 1211 1105 scripsnle
1221 1085 1235 1100 ‚
1251 1055 1343 1094 dum

68 1107 138 1148 sub
153 1109 359 1160 tyrannide
380 1107 627 1160 Lygdamidis
648 1107 729 1146 eius
749 1105 915 1145 feminae
931 1107 1082 1158 nepotis
1103 1108 1274 1147 vivebat.
1289 1110 1346 1149 At

69 1174 206 1206 contra
224 1161 404 1213 dialeQus
421 1162 574 1207 ionica,
588 1173 665 1213 qua
683 1160 815 1200 exacte
832 1161 967 1205 utitur,
988 1159 1139 1207 suadet,
1155 1175 1244 1201 eum
1262 1175 1344 1202 non

69 1216 231 1270 amplius
246 1214 552 1256 Halicarnassum
571 1213 774 1263 habitasse,
795 1215 952 1266 quando
971 1212 1163 1253 historiam
1179 1215 1343 1268 scripsit:

70 1283 160 1310 nam
175 1270 322 1310 Dorica
336 1269 516 1309 dialeehis
536 1269 588 1307 ibi
608 1281 688 1308 erat
710 1269 748 1307 in
766 1267 846 1306 usu.
871 1268 1007 1320 Itaque
1028 1269 1183 1321 quando
1205 1271 1344 1321 ἀπορίαι

73 1337 137 1364 me
150 1335 330 1378 torquet,
351 1323 422 1377 (ut
435 1323 564 1363 verbis
577 1321 783 1362 Ciceronis
802 1322 920 1374 utar)
939 1323 1045 1361 nullo
1059 1324 1291 1374 praeiudicio
1306 1336 1345 1365 te

72 1378 260 1425 onerabo,
276 1377 414 1424 lecior,
428 1378 469 1418 &
484 1378 673 1429 integrum
688 1376 763 1415 hoc
778 1381 935 1425 σκέμμα
949 1376 1017 1414 tibi
1030 1377 1242 1429 relinquam
1258 1392 1345 1418 exa-

73 1433 307 1472 minandum.
323 1431 459 1471 Pam.
473 1430 690 1471 Confirmat
702 1431 762 1469 hic
775 1430 903 1476 locus,
917 1431 1022 1482 quod
1036 1429 1227 1483 Scaliger&
1243 1432 1344 1472 πάνυ

73 1487 115 1526 in
132 1487 237 1526 notis
255 1486 301 1525 ad
318 1485 400 1525 Eus.
415 1486 563 1525 Chron.
580 1499 617 1538 p.
635 1497 707 1532 104
722 1483 894 1532 afferuir,
910 1482 1047 1523 scilicet
1062 1496 1150 1523 ante
1166 1483 1345 1538 scriptam

73 1542 123 1580 ab
139 1540 346 1583 Herodoto
360 1539 572 1586 historiam,
587 1551 703 1591 quam
719 1537 890 1577 Thurios
910 1538 1108 1576 traiiceret.
1123 1539 1212 1577 Vid.
1230 1541 1345 1578 etiam

73 1593 239 1635 Fabricii
251 1594 430 1633 Biblioth.
446 1593 517 1634 Gr.
531 1594 620 1633 661.
634 1592 736 1631 Nihil
751 1604 878 1630 tamen
895 1603 1084 1643 repugnat
1096 1621 1106 1636 ,
1122 1593 1218 1644 quin
1231 1595 1346 1633 novis

75 1649 200 1696 curis,
212 1649 305 1688 dum
317 1647 473 1688 Thuriis
489 1646 648 1700 degebat
659 1676 674 1692 ,
691 1647 853 1698 primam
868 1645 970 1684 illam
983 1647 1192 1685 editionem
1205 1678 1217 1694 ,
1233 1659 1275 1686 ut
1294 1648 1347 1688 ita

74 1702 218 1750 dicam,
238 1701 430 1742 Historiae
453 1701 566 1746 suae,
588 1700 834 1752 locupletarit
857 1698 898 1738 &
920 1701 1088 1742 ornarit:
1109 1713 1210 1753 quae
1230 1703 1348 1740 etiam

74 1754 294 1796 nobuiffimi
311 1754 506 1809 scriptoris
529 1756 666 1805 nuperi
689 1754 930 1807 Humphredi
950 1752 1140 1792 Prideaux
1162 1753 1347 1794 sententia

76 1809 155 1858 est3
175 1823 290 1864 quem
305 1810 394 1849 vide
407 1809 447 1848 P.
463 1810 499 1858 1,
522 1809 564 1848 L.
579 1808 657 1856 v1;
670 1808 844 1848 Gallicae
859 1819 987 1846 autem
1011 1820 1032 1846 a
1048 1820 1109 1846 me
1121 1806 1244 1847 factae
1257 1821 1348 1848 ver·

76 1863 196 1905 fionis
207 1864 256 1905 T.
270 1863 332 1912 11,
352 1878 387 1916 p.
405 1864 494 1903 206.
516 1862 674 1902 SOLAN.

132 1919 169 1958 in
182 1919 295 1958 schol.
308 1918 372 1957 col.
386 1930 417 1956 1.
428 1920 682 1955 ΗΡΟΔΟΤΟΣ
696 1914 794 1968 &c.)
810 1915 942 1954 Unum
955 1913 1031 1953 hoc
1041 1913 1225 1954 Scholion
1239 1916 1349 1968 quin·

78 1985 159 2026 que
173 1972 276 2011 vitiis
293 1970 511 2018 laborabat,
531 1983 633 2022 quae
647 1982 722 2022 ope
736 1969 836 2009 Coll.
852 1968 889 2007 se
901 1967 1108 2008 correxisse
1122 1980 1256 2008 monet
1277 1970 1349 2009 So-

79 2026 201 2068 lanus.
212 2026 312 2066 Nam
326 2038 398 2078 pro
421 2022 617 2075 ὑπέὸειξεν
631 2024 667 2062 in
679 2023 737 2062 ed.
753 2022 854 2062 (λετ.
867 2022 1066 2075 legebatur
1080 2019 1260 2073 ἑξηφῆνεν,
1277 2038 1349 2075 pro

79 2078 314 2131 iwaseiffecoc,
329 2077 529 2129 ἑπιὸεΐξαν
546 2076 605 2116 ὥς.
626 2077 701 2117 Pro
723 2077 875 2122 κίττων,
889 2076 1090 2126 ἀττικιζων
1105 2077 1245 2115 editum
1261 2079 1349 2129 quie

81 2134 168 2174 dem
182 2145 265 2174 erat
276 2163 289 2182 ‚
304 2144 396 2172 cum
411 2133 448 2171 in
464 2131 544 2183 ipso
563 2130 662 2170 Cod.
674 2132 725 2170 V.
744 2142 872 2170 tamen
890 2130 1082 2182 legeretur
1097 2129 1250 2169 καττῶν.
1273 2131 1349 2170 ΡιὉ

80 2202 217 2240 περιειρ
252 2187 364 2238 έιζετο
378 2186 544 2239 denique
554 2214 568 2232 ,
583 2188 874 2238 περιεργάσοιτο.
887 2184 1036 2223 Merito
1050 2184 1165 2237 igitur
1180 2185 1281 2225 hunc
1295 2184 1351 2225 se·

82 2252 198 2284 cutus
225 2254 305 2281 um.
319 2240 466 2280 RnTz.
1359 2266 1363 2268 -

134 2296 225 2349 Pag.
234 2308 249 2334 1
262 2309 276 2333 1
283 2308 320 2344 7.
333 2295 358 2333 l.
366 2308 380 2333 1
389 2323 399 2332 .
409 2291 755 2371 Euyypafmo'wm?
764 2290 1052 2331 Diminutivum
1062 2290 1157 2330 istud
1164 2292 1248 2343 quis
1257 2290 1352 2333 ferat

83 2349 132 2392 de
142 2348 334 2393 Herodoti
344 2346 496 2388 historia
506 2345 727 2400 usurpatum
737 2376 746 2383 .
765 2345 856 2384 Eam
869 2357 1011 2387 autem.
1023 2358 1138 2397 quam
1151 2346 1350 2395 habemus,

86 2415 170 2445 non
181 2403 253 2442 alia
265 2401 401 2454 scripta
410 2431 423 2447 ,
434 2400 592 2452 intelligi
603 2431 615 2447 ‚
628 2399 822 2452 sequentia
834 2399 1105 2438 demonstrant.
1123 2399 1224 2452 Lege
1233 2412 1328 2452 ergo
1337 2419 1351 2448 3

87 2469 179 2499 meo
193 2456 380 2510 periculo,
394 2455 523 2494 invitis
531 2455 634 2494 libris
648 2453 847 2504 omnibus,
861 2455 1182 2506 συγγράμματα.
1192 2453 1351 2496 δοιΑΝ.

196 2509 340 2554 Lucian.
362 2509 440 2551 Vol.
462 2509 485 2548 Ι
487 2509 532 2551 V.
1042 2506 1073 2545 E
1087 2518 1110 2546 e
