1768 3185
252 125 324 171 IN
339 124 587 171 ZEUXIN
607 125 735 171 VEL
752 123 1165 171 ANTIOCHUM.
1264 143 1357 188 441

140 216 216 253 ead.
229 214 253 253 l.
269 225 301 266 ς.
313 213 505 267 Ennaeas)
528 213 606 260 At,
621 213 648 252 s1
665 213 854 253 Perraltos
874 213 1026 259 audias,
1048 213 1125 252 hoc
1148 213 1361 265 pieioribus

86 267 251 321 antiquis
270 279 321 307 ne
340 268 378 306 in
399 279 566 307 mentem
582 268 735 321 quidem
751 279 922 307 venerat.
935 268 971 307 V
977 268 1024 308 1d
1045 266 1213 306 Philostr.
1240 281 1275 321 p.
1293 283 1362 319 71,

87 319 131 360 δι
142 321 226 360 Iun.
240 321 287 361 de
302 321 393 362 Ρίἃ,
409 333 485 362 vet.
500 321 578 368 111,
596 321 799 374 &Sor-AN.

141 375 221 413 ibid.
237 375 308 413 Και
319 390 386 414 του
368 373 576 429 μεγέθοις
589 378 649 414 τὀν
662 375 807 427 λόγον)
826 374 927 414 Cum
944 374 1133 415 Lucianus
1155 373 1363 428 descripfis-

84 425 140 466 set
151 427 391 468 Centaurum
403 428 582 468 feminam
596 429 748 468 duobus
761 428 968 468 infantibus
979 429 1096 468 ubera
1110 429 1363 481 praebentem

87 493 110 520 a
124 481 291 522 Zeuxide
305 482 465 522 mirifice
485 481 724 534 descriptam,
739 484 848 522 cuius
863 483 1016 522 tabulae
1027 482 1249 535 exemplum
1266 481 1366 521 vise-

85 535 201 575 batur
215 535 398 582 Athenis,
428 549 516 576 cum
538 536 656 589 ipsum
675 537 850 576 Zeuxidis
873 537 1105 588 προτότυπσν
1119 549 1140 575 3
1159 535 1262 575 Sulla
1275 535 1365 574 mis-

85 586 168 628 sum
183 589 351 630 Romam
365 590 411 630 ad
427 590 591 629 Maleam
614 588 818 643 naufragio
831 590 1093 636 intercidisset,
1110 590 1274 650 plurima
1288 591 1364 630 alia

86 641 220 682 fuiffe
211 657 249 683 tn
269 643 331 683 illa
352 644 482 684 tabula
504 645 631 683 divina
649 643 760 696 plane
774 643 814 683 δι
826 645 1062 690 admiranda,
1079 656 1176 696 quae
1193 645 1285 684 artis
1300 657 1365 683 ru-

87 697 154 736 des
171 695 341 750 fugiant,
359 698 550 758 elegantes
564 710 693 736 autem
713 696 964 749 speElatores,
985 699 1025 737 δι
1038 699 1209 737 erud1tos
1226 698 1366 738 oculos

86 731 289 791 advertant
311 752 497 798 maxime,
520 753 559 791 δι
583 752 622 789 in
644 751 933 790 admirationem
958 752 1132 806 rapiant,
1154 753 1362 805 praecipue

85 801 186 845 vero
208 805 394 857 pistores,
401 806 484 862 qui
501 805 621 844 multa
647 805 823 852 videant,
836 819 941 869 quae
963 819 1035 845 nos
1060 818 1140 845 non
1158 806 1362 874 videmus,

87 871 155 897 και
167 855 419 912 τοῦμεγέθους
433 874 492 899 τον
503 860 633 912 λόγον,
646 874 712 898 neu
722 874 786 898 την
801 859 874 898 τῶν
883 860 1022 911 μέτρων
1037 862 1152 917 προς
1139 862 1180 915 το
1193 859 1273 898 ὅλον
1286 859 1363 899 ἰσό-

88 925 195 952 τητα
210 927 276 952 κοιι
289 913 480 971 ἁρμονίαν,
494 914 701 966 ‘ypuqe‘covs
686 912 851 952 omis&
842 928 1100 961 εττοωνουντων,
1116 909 1201 952 oi5e
1198 913 1248 966 ’ῃ
1261 929 1295 952 ον
1313 914 1367 952 εἱ-

88 965 199 1005 sem
213 969 267 1006 τὰ
279 981 457 1006 τοιαυτα.
469 966 554 1006 Sic
545 980 583 1005 tn
595 967 774 1006 Latinum
792 966 1064 1006 transtulerunt
1080 967 1186 1006 hunc
1206 968 1364 1008 locum.

31 1064 33 1066 ¹
86 1021 144 1059 At
156 1021 400 1074 magnitudinis
409 1021 656 1074 proportionem
665 1051 679 1067 ,
702 1022 737 1059 6³
751 1021 977 1072 mensurarum
994 1023 1042 1060 ad
1051 1034 1158 1060 totum
1171 1022 1364 1083 aequalita-

86 1085 152 1113 tem
165 1088 264 1137 atque
267 1089 464 1143 compagem
477 1075 617 1128 pic‘lores
634 1077 881 1122 commendent,
898 1090 1038 1128 quorum
1054 1076 1199 1114 muneris
1216 1077 1260 1129 est
1274 1076 1363 1115 talia

79 1127 182 1180 fiire.
193 1128 276 1179 Τῷ
268 1128 339 1179 σ’Λῳ
362 1130 489 1182 inepte
507 1128 549 1168 &
574 1127 707 1169 insulse
728 1142 980 1182 opponuntur
998 1130 1133 1180 μέτρα.
1155 1129 1262 1169 Novi
1278 1131 1367 1192 qui-

86 1182 172 1222 dem
182 1183 320 1236 μέτρα,
334 1182 399 1223 seu
411 1182 649 1222 mensurasin
664 1183 827 1236 pietura,
837 1184 883 1222 de
893 1184 1033 1236 quibus
1044 1182 1315 1223 Philostratus
1306 1197 1365 1223 tu-

85 1236 174 1276 nior
186 1237 226 1275 in
241 1238 447 1290 prooemio
463 1238 649 1283 leonum,
668 1238 709 1276 δι
723 1237 875 1277 Plinius.
892 1237 990 1277 Sed
980 1237 1105 1277 ισότης
1120 1237 1185 1276 mi
1208 1236 1365 1287 apporia

85 1288 305 1343 simpliciter
323 1291 376 1331 est
395 1290 438 1343 sy
444 1292 638 1340 trimetria,
653 1304 777 1354 neque
791 1292 930 1342 μέτρων
954 1291 1080 1330 ἰσότης
1093 1291 1303 1343 quidquam
1326 1305 1366 1331 a-

86 1343 168 1384 liud
179 1344 253 1384 effe
265 1345 410 1398 potest,
425 1358 541 1398 quam
564 1349 789 1397 συμμετρία.
804 1345 843 1385 Si
862 1358 956 1397 ergo
970 1345 1166 1397 vulgatam
1188 1356 1366 1386 tenemus

84 1398 316 1446 leftionem,
335 1401 447 1439 cuius
465 1400 520 1439 rei
533 1400 605 1438 erit
619 1399 679 1438 illa
691 1400 833 1452 μέτρων
849 1399 984 1439 ἰσότης.
1003 1399 1181 1438 Membra
1200 1412 1299 1440 vero
1320 1401 1365 1440 δε

87 1464 215 1505 partes
223 1453 326 1493 recte
339 1464 594 1507 opponuntur
602 1464 685 1492 tott
699 1453 853 1492 Illarum
869 1453 1073 1515 aequalitas
1085 1453 1196 1492 debet
1209 1453 1364 1506 respon-

86 1506 178 1547 dere
190 1507 275 1547 toti.
294 1507 536 1562 Legendum
529 1508 644 1561 igitur
664 1506 742 1554 est,
756 1523 827 1547 των
837 1522 953 1560 μερων
971 1509 1063 1559 προς
1076 1522 1120 1546 το
1142 1506 1222 1546 όλον
1235 1507 1365 1549 ἰσότη-

89 1574 168 1608 τα,
185 1562 336 1614 partium
358 1578 434 1602 cum
455 1574 525 1601 toto
548 1563 796 1613 congruentiam
826 1562 861 1600 δ’
884 1563 1131 1622 aequalitatem.
1159 1560 1364 1612 Dionysio

89 1614 270 1668 Longino
288 1615 370 1668 περὶ
390 1611 512 1666 ὕψους
534 1615 668 1655 dicitur
689 1615 902 1683 συμμετρία,
922 1630 994 1654 των
1011 1627 1086 1666 με)
1090 1630 1135 1654 ων
1157 1618 1246 1666 στρος
1267 1615 1368 1662 ὅλονρ

88 1681 178 1708 cum
192 1669 263 1709 ait:
279 1674 322 1708 το
335 1672 452 1709 καλόν
464 1668 530 1708 τοῦ
545 1668 726 1720 σώματός
736 1671 817 1710 ἐστι
834 1670 1046 1722 συμμετρίαι
1057 1684 1129 1707 των
1140 1683 1190 1719 με
1194 1667 1263 1708 λῶν
1275 1669 1366 1708 καθ-

87 1726 257 1763 εστώτων
272 1719 374 1773 αὐτῷ
384 1726 475 1776 προς
486 1723 644 1763 ἄλληλά
656 1737 700 1762 τε
715 1738 781 1762 και
795 1738 886 1775 προς
898 1723 989 1762 ὅλον.
1006 1724 1228 1762 pulchritudo
1242 1738 1363 1775 corpo-

90 1778 138 1816 ris
151 1779 194 1831 efl
207 1776 427 1829 conformitas
438 1779 654 1817 membrorum
667 1781 745 1816 reHe
757 1778 1009 1830 constitutorum
1026 1780 1075 1816 ad
1088 1777 1311 1826 seinvicem,
1325 1778 1363 1816 6·

89 1833 140 1870 ad
154 1843 271 1872 totum.
291 1832 388 1871 Aliis
401 1831 455 1871 est
478 1832 678 1885 ἀναλογία.
694 1831 876 1871 Ciceroni
896 1831 911 1870 I
932 1832 978 1870 de
999 1829 1067 1870 off.
1078 1831 1227 1882 partium
1240 1846 1366 1870 conve-

88 1886 232 1934 nicasia,
241 1886 276 1924 δ’
286 1898 369 1938 apta
379 1886 593 1925 membrorum
603 1900 718 1937 compo
712 1886 806 1937 ficto
819 1885 958 1924 Plinio
952 1898 990 1924 m
1001 1884 1167 1937 epistolis
1179 1898 1364 1936 congruen-

88 1941 140 1979 tia
156 1939 192 1978 6»
204 1941 395 1993 aequalitas
407 1941 644 1986 membrorum,
658 1939 721 1978 lib.
736 1938 797 1985 II,
812 1952 872 1992 ep.
891 1952 932 1991 5:
925 1939 987 1976 ·Si
1000 1938 1155 1990 avulsum
1160 1941 1202 1992 st
1203 1952 1296 1977 uuae
1308 1956 1364 1979 ca-

83 2005 172 2046 put,
191 2005 252 2033 aut
274 1995 450 2034 membrum
473 1993 613 2046 aliquod
622 1992 808 2046 inspiceres,
829 2009 897 2032 non
919 2007 955 2032 tu
969 1994 1098 2046 quidem
1112 1993 1225 2046 poſjes
1245 2009 1287 2032 ex
1300 1995 1363 2033 illo

88 2048 337 2101 congruentiam
353 2048 651 2101 aequalitatemque
665 2048 918 2100 deprehendere,
932 2047 1043 2099 poffis
1062 2059 1171 2086 tamen
1190 2047 1361 2109 iudicare,

89 2118 136 2141 an
155 2103 194 2140 id
211 2102 321 2154 ipsum
337 2101 431 2154 satis
453 2103 586 2153 elegans
608 2102 694 2154 fft.
719 2101 780 2141 Sic
800 2103 955 2153 aequalis
974 2102 1014 2140 &
1035 2116 1218 2153 congruens
1237 2101 1362 2154 iungit

89 2169 252 2209 quoque
263 2155 471 2195 Suetonius
483 2156 529 2195 de
543 2156 689 2195 Tiberii
702 2157 878 2208 corporis
889 2155 1045 2194 habitu:
1064 2157 1174 2194 Latus
1187 2157 1231 2193 ab
1245 2156 1364 2194 hume-

89 2211 139 2249 n‘s
153 2210 188 2249 G·
202 2214 350 2263 peHore,
367 2211 481 2248 ceteris
495 2225 622 2263 quoque
635 2210 787 2249 membris
810 2209 913 2266 usque
934 2210 1005 2248 ad
993 2224 1078 2248 lmos
1081 2211 1193 2270 pedes
1208 2210 1361 2261 aequalis

89 2264 340 2331 &coagmens.·
352 2264 427 2303 hoc
440 2263 508 2311 est,
518 2264 644 2303 verbis
657 2263 816 2302 Luciani
832 2278 871 2302 ην
884 2263 1036 2303 πάντων
1049 2278 1119 2302 των
1132 2263 1285 2311 μελῶν]
1270 2267 1363 2314 προς

90 2321 133 2357 ‘1⁸0
148 2317 228 2356 ὅλον
240 2316 368 2358 ἰσότης
379 2317 446 2356 καὶ
459 2317 624 2370 ἁρμονία.
640 2318 730 2356 Hoc
742 2328 871 2356 autem
891 2317 992 2356 inter
1010 2317 1234 2370 praecipuas
1246 2329 1365 2369 egre-

89 2371 142 2425 gii
155 2370 306 2412 artificis
318 2384 428 2412 curas
442 2372 483 2411 δι
495 2382 632 2417 notas,
648 2370 753 2410 noss'e
767 2371 932 2424 partium
949 2374 1182 2423 συμμετρίαν
1202 2372 1242 2410 &
1262 2370 1361 2409 έινει-

93 2426 226 2479 Λογίοιν
246 2438 336 2467 cum
351 2435 457 2466 toto:
472 2425 585 2466 huius
600 2425 788 2465 maiorem
802 2425 994 2465 habebant
1016 2424 1202 2465 rationem
1216 2455 1228 2473 ,
1241 2436 1359 2493 quam
