1955 3507
198 239 631 292 HERMOTIMUS
659 239 763 290 SIV
766 240 804 289 E
831 241 919 288 DE
942 240 1168 290 SECTIS.
1254 245 1311 293 61

42 359 116 398 ,την
143 334 389 424 Ko'pav5ov2'
378 356 449 386 επι
477 334 648 393 πάντας
669 341 926 399 ἀναγκαίως
945 335 1218 405 αφιξὸμεθα,
1240 336 1320 386 καὶ

47 409 353 482 ἐξετάσομεν
321 433 460 482 ακρως
476 433 714 496 πειρωμενοι
731 434 808 462 και
826 410 1075 469 αποὸυοντες
1086 448 1097 466 ,
1113 435 1190 462 και
1208 433 1321 483 περι-

48 488 293 560 θεωρουντες·
313 487 442 555 μολις
458 509 549 554 ‘ymo
567 482 618 538 αν
636 511 738 538 ουτω
758 480 937 545 ταληθες
957 489 1221 556 ἐκμαθοιμεν.
1241 510 1322 538 και

48 564 93 616 εἴ
107 584 164 628 ’γε
191 587 254 621 τις
279 560 439 632 μελλει
459 561 712 633 συμβουλος
731 586 805 632 μοι
832 563 1079 625 αὲιοπιστος
1101 559 1321 618 ἔσεσθαι,

48 645 325 704 φιλοσοφίας
351 636 467 711 πέρι,
492 664 533 700 ην
562 662 655 691 τινα
684 638 1020 699 Φιλοσοΐητέον,
1053 663 1166 697 ουτος
1187 663 1238 690 αν
1264 641 1322 699 εἰη

45 715 167 788 μένος
187 719 205 766 ὁ
224 739 284 767 τα
299 713 381 767 ὖπο
401 738 559 767 πασων
579 739 714 767 αυτων
731 715 954 784 λεγομενα
976 714 1102 772 sidroc
1119 721 1152 767 οἱ
1174 715 1218 765 δ’
1232 714 1321 766 αλ-

45 805 138 848 λοι,
164 795 346 849 ἀτελεῖς
377 815 454 842 και
483 797 558 844 οὐκ
577 787 627 842 αν
655 813 941 860 πιστευσαιμι
970 795 1134 849 αὐτοῖς,
1163 788 1248 843 ἔστ’
1270 788 1324 844 ἂν

46 891 126 921 και
144 870 253 939 μιοῖς
280 873 497 958 ἀπείρατοι
518 864 610 919 cbo-a.
642 867 773 930 τάχα
792 889 881 934 ’γαρ
905 864 957 919 αν
979 871 1001 929 ἦ
1028 873 1175 940 ἀρίστη
1196 871 1323 929 ἐκείνη

42 946 117 1005 ῐῖη.
138 948 183 996 οὐ
202 966 294 1012 γαρ
316 938 363 1005 δη
384 946 426 996 εὶ
433 967 495 1002 τις
514 965 904 1015 παραστησαμενος
926 957 1062 995 καλον
1089 943 1319 1015 ανθρωπον,

46 1017 173 1085 λέγοι
200 1022 336 1073 τοῦτον
367 1019 466 1071 εἶναι
486 1021 729 1072 κάλλιστον
749 1020 1015 1090 ανθρωπων
996 1022 1222 1075 απαντων,
1244 1045 1324 1071 πι-

45 1118 302 1167 στευσαιμεν
323 1097 461 1184 αὐτῷ,
484 1090 601 1157 ἦν
546 1123 607 1165 μη
627 1096 755 1166 εἱοωμ
741 1119 794 1148 εν
815 1095 873 1149 ὁτι
893 1096 1066 1154 πάντας
1088 1096 1324 1168 ανθρωπους

47 1172 236 1244 ἑώρακεν·
272 1197 374 1231 ισως
391 1195 468 1242 μεν
486 1196 578 1240 ’γαρ
607 1197 686 1224 και
718 1179 833 1230 οὑτος
855 1173 1008 1230 καλος
1033 1181 1063 1224 εἰ
1084 1166 1128 1224 ὃς
1153 1174 1324 1226 παντων

45 1250 292 1308 κάλλιστος
305 1287 316 1305 ,
333 1253 408 1301 οὐκ
421 1246 472 1301 αν
491 1273 581 1313 εχω
602 1247 746 1301 eidem
759 1287 770 1304 ‚
785 1273 847 1319 μη
863 1244 951 1302 ἰσων
968 1248 1185 1307 ἅπαντας
1205 1253 1323 1319 ημεῖς

46 1318 114 1382 δε,
136 1329 211 1378 οὐκ
227 1349 330 1377 αυτο
349 1349 466 1395 μονον
484 1339 648 1381 καλου,
667 1323 804 1378 αλλα
821 1350 890 1377 του
914 1332 1161 1378 καλλίστου
1181 1326 1281 1394 ὃεομ
1285 1348 1324 1377 ε-

46 1405 126 1458 θα,
144 1426 222 1454 και
241 1396 284 1463 ἠν
301 1427 363 1473 μη
383 1404 499 1454 τοῦτο
521 1425 715 1473 ευρωμεν,
747 1402 856 1452 ουοεν
879 1405 973 1472 ἡμῖν
991 1398 1124 1453 πλέον
1146 1424 1322 1473 πεπρα-

46 1482 156 1543 χθαι
183 1478 449 1548 ἡγησομεθα.
483 1482 526 1530 οὐ
560 1501 652 1546 you>
682 1475 976 1548 αγαπησομεν
1005 1482 1135 1548 ὁποίῳ
1169 1477 1321 1538 δηποτε

46 1629 154 1656 mum
175 1615 284 1656 illum
303 1616 342 1656 in
363 1616 559 1656 civitatem
581 1614 684 1655 illam
699 1613 934 1655 Corinthum
953 1613 1108 1661 ducem,
1125 1615 1170 1655 ad
1186 1627 1325 1656 omnes

44 1679 259 1720 necess'ario
280 1679 554 1728 deveniemus,
583 1679 624 1719 &
650 1679 887 1732 inquiremus
912 1676 1065 1718 summo
1095 1691 1213 1732 opere
1238 1692 1325 1720 ten·

43 1753 194 1791 tames,
213 1742 255 1785 &
274 1754 484 1792 exuentes,
504 1744 545 1784 δι
561 1743 706 1784 circum
729 1743 832 1782 circa
853 1740 1102 1794 inspicientes.
1123 1742 1203 1781 Vix
1219 1744 1324 1783 enim

44 1803 111 1845 vel
134 1803 186 1844 sle
209 1816 348 1844 verum
376 1802 573 1843 discamus.
605 1803 652 1843 Et
679 1801 706 1842 fi
734 1802 819 1856 quis
849 1802 943 1841 velit
972 1801 1210 1842 confiliarius
1230 1802 1324 1842 mihi

44 1865 120 1908 fide
141 1867 276 1920 dignus
294 1867 341 1907 de
357 1866 598 1920 philosophia
619 1864 716 1914 esse,
733 1877 834 1919 quae
853 1863 1044 1919 sequenda
1065 1863 1109 1904 fit
1122 1895 1135 1911 ,
1156 1865 1218 1905 ille
1241 1865 1325 1906 fue-

44 1930 95 1971 rit
120 1929 243 1978 solus,
267 1931 336 1984 qui
357 1943 403 1971 ea
417 1960 430 1977 ,
446 1943 546 1983 quae
569 1929 617 1969 ab
643 1930 830 1969 omnibus
847 1929 1042 1976 dicuntur,
1065 1930 1231 1969 noverit.
1249 1929 1328 1970 Re·

43 1991 142 2046 liqui
163 2004 302 2033 omnes
321 1993 362 2032 in
379 1991 535 2033 censum
559 2005 640 2032 non
661 1992 848 2038 veniunt,
873 2004 1000 2044 neque
1016 1992 1059 2031 iis
1080 1992 1299 2031 crediderim
1313 2023 1324 2041 ‚

44 2052 139 2093 dum
160 2053 225 2093 vel
245 2053 365 2092 unius
370 2053 476 2105 stelae
499 2050 571 2091 smt
593 2052 734 2105 ignari:
763 2049 865 2092 forte
883 2053 984 2092 enim
1000 2052 1094 2092 haec
1114 2052 1190 2105 ipsa
1209 2051 1326 2094 fuerit

45 2115 205 2169 optima.
231 2114 373 2167 Neque
395 2114 498 2154 enim
525 2113 640 2163 sane,
666 2113 694 2153 si
715 2114 802 2168 quis
830 2115 1034 2169 pulchrum
1063 2116 1176 2156 nobis
1197 2115 1325 2156 homi-

43 2191 135 2219 nem
159 2178 348 2225 adducat,
371 2177 555 2231 huncque
576 2178 675 2218 dicat
698 2177 773 2218 effe
798 2178 974 2218 omnium
995 2179 1322 2232 pulcherrimum,

39 2239 113 2294 ipfi
135 2240 356 2289 credamus,
378 2239 447 2280 nifi
468 2239 653 2287 sciamus,
683 2253 820 2281 omnes
845 2240 952 2281 illum
978 2241 1157 2284 homines
1178 2241 1324 2283 vidiffe.

45 2303 165 2345 Forte
184 2304 286 2344 enim
309 2304 351 2344 δι
377 2304 438 2345 hic
462 2305 616 2358 quidem
636 2305 813 2359 pulcher:
839 2319 887 2345 an
912 2319 1011 2345 vero
1037 2306 1213 2346 omnium
1238 2306 1326 2360 pul-

45 2364 284 2414 cherrimus,
316 2364 408 2406 scire
428 2378 508 2405 non
532 2365 669 2419 poffit,
700 2367 768 2420 qui
788 2379 926 2406 omnes
949 2379 1031 2406 non
1058 2367 1208 2406 viderit.
1237 2367 1324 2407 Nos

46 2439 177 2468 autem
196 2441 276 2469 non
291 2428 460 2482 pulchro
475 2427 598 2469 solum
611 2461 625 2477 ,
638 2429 700 2469 sed
717 2429 977 2484 pulcherrimo
997 2442 1097 2482 opus
1115 2430 1319 2471 habemus:

46 2487 90 2529 &
105 2488 182 2530 hoc
203 2488 272 2529 nisi
299 2490 591 2537 invenerimus,
616 2490 708 2529 nihil
733 2490 847 2530 nobis
868 2489 1070 2544 profecisse
1094 2490 1326 2533 videbimur.

46 2563 174 2607 neque
196 2552 301 2595 enim
322 2551 408 2594 satis
429 2552 661 2594 habebimus
680 2553 721 2592 in
749 2552 959 2606 pulchrum
983 2552 1244 2608 quodcunque
1266 2552 1324 2591 in-
