1841 3180
507 221 599 270 ςη
704 200 1580 252 ANNOTATIONES

499 293 731 353 sequuntur.
757 294 836 333 vid.
858 292 1040 344 Thucyd.
1065 292 1168 339 VII,
1193 291 1267 339 82,
1288 291 1360 341 84,
1388 291 1462 345 85,
1486 291 1549 331 86.
1583 289 1774 333 SOL'AN2

558 349 637 388 ibid.
650 354 771 388 Νικιου
784 347 980 399 τελευτὴν)
994 346 1054 385 Ad
1070 347 1142 386 loc.
1153 346 1337 398 Thucyd.
1351 359 1384 386 c.
1398 346 1462 391 86,
1475 357 1592 398 quem
1608 346 1774 386 Solanus

500 403 644 448 laudat,
656 413 824 441 meretur
836 402 955 440 videri
969 399 1155 446 Waffius‚
1167 401 1235 440 ubi
1249 402 1322 440 ait:
1346 400 1536 440 Lucianus
1551 399 1596 438 de
1611 398 1773 440 Confer.
1840 418 1841 421 ¹

504 455 601 496 Hist.
623 456 773 495 Niciam
800 455 851 494 ait
868 452 1112 494 interfeQum
1132 453 1206 494 effe
1221 484 1231 501 ‚
1255 465 1411 506 captum
1431 466 1529 493 vero
1539 452 1776 493 Demosthe-

502 522 604 549 nem.
620 509 787 549 Iustinus
799 509 873 557 lv,
889 523 905 561 5
923 539 935 557 ‚
954 507 1258 549 Demosthenem
1274 507 1341 547 fibi
1355 507 1423 560 ipsl
1438 506 1604 547 intuliffe
1619 519 1775 547 manus:

504 565 608 604 reete
622 564 777 617 quidem
792 563 876 611 hic3
891 575 977 601 nam
995 561 1171 614 percussit
1187 561 1226 601 se·
1237 563 1276 600 in
1289 562 1455 614 proelio,
1466 561 1567 601 haud
1579 571 1708 601 tamen
1721 561 1777 601 le-

504 617 644 665 taliter,
661 617 752 656 teste
769 616 977 656 Plutarcho
991 630 1025 668 ρ.
1050 630 1135 669 ς4ι.
1148 616 1224 655 Die
1235 615 1372 656 mensis
1382 615 1521 655 Carnei
1531 614 1646 655 XVII
1656 615 1779 655 Athe-

506 671 656 710 nienses
670 670 884 710 subhastari.
897 670 1081 710 Ceterum
1095 684 1116 709 a
1125 669 1272 710 Nostro
1284 668 1428 709 diffidet
1437 669 1651 717 Diodorus,
1661 669 1703 709 &
1713 669 1780 708 Ni-

504 726 602 764 ciam
615 724 794 778 Gylippo
813 725 1017 778 impulsore
1033 725 1277 764 interemtum
1290 723 1593 772 affeveratXIII‚
1604 737 1691 776 347.
1704 722 1777 763 Sed

505 791 529 817 a
540 778 684 818 Nostro
696 778 764 818 stat
771 778 964 818 Plutarch.
982 778 1139 831 striptor
1151 777 1432 827 eruditissimus,
1443 777 1484 818 δι
1497 777 1549 816 illi
1562 776 1633 817 hac
1643 778 1681 816 in
1694 789 1780 829 par·
1836 786 1841 824 ς

506 844 545 871 te
560 833 860 886 anteponendus.
882 831 1030 873 Confer
1045 831 1213 886 Euripid.
1229 831 1363 885 fragm.
1380 831 1466 886 516.
1482 831 1591 871 Haec
1606 829 1780 872 Waffius

507 887 531 925 l.
548 899 580 925 c.
603 887 747 927 RmTz.
1430 894 1437 901 ’

561 944 636 980 ead.
659 943 683 981 l.
702 954 758 993 15.
768 939 917 980 Ἐκεῖνος
934 940 949 978 ὃ
964 939 1122 993 Σιώκων)
1139 940 1231 980 Vid.
1246 939 1449 980 Demosth.
1461 939 1526 980 Ol.
1539 939 1606 979 ΙῙῙ.
1619 939 1784 980 SOLAN.

560 995 642 1034 ibid.
648 996 771 1036 Ἐκτδς
783 995 811 1034 εὶ
830 994 883 1044 μὴ
901 993 941 1033 εὔ
945 993 1088 1045 {oto-321
1099 993 1181 1034 θέον
1190 990 1241 1044 μή
1253 1009 1291 1033 τι
1301 994 1529 1047 παρέλιπεν)
1538 994 1654 1033 Extra
1663 1007 1784 1047 quam-

509 1050 615 1101 quod
627 1051 661 1089 ei
674 1049 887 1101 optandum
897 1080 908 1098 ,
921 1049 1013 1088 nihil
1026 1047 1312 1103 praetermisifl'e
1321 1078 1333 1096 ‚
1349 1048 1430 1089 five
1437 1060 1491 1098 ⁴ne
1511 1048 1601 1102 quid
1613 1058 1784 1102 praenet-¹

512 1101 669 1143 miserit.
697 1104 887 1143 MARcu..

564 1160 638 1196 ead.
652 1157 678 1196 l.
697 1159 756 1198 16.
783 1157 978 1209 Eifgoecfsoet
1002 1155 1110 1209 δέον)
1132 1155 1281 1196 Alludir
1293 1156 1337 1196 ad
1349 1155 1552 1196 Demosth.
1568 1155 1723 1203 locum,
1742 1156 1785 1196 in

512 1224 596 1263 quo
619 1212 713 1252 haec
735 1212 895 1251 totidem
913 1210 992 1251 fere
1006 1212 1134 1250 verbis
1155 1211 1351 1263 leguntur,
1364 1209 1525 1258 01.111,
1551 1224 1590 1265 p.
1604 1224 1654 1250 m.
1674 1210 1723 1250 26
1736 1211 1787 1251 B.

511 1264 601 1304 ἀλλ’
617 1263 693 1317 οὐχ
714 1263 812 1306 Mine
826 1264 957 1305 ταῦτα,
975 1262 1098 1305 οὐκέτι
1115 1264 1209 1304 τοῦθ’
1225 1264 1240 1303 ὁ
1259 1265 1381 1318 λέγων
1392 1263 1534 1305 ἀδικεῖ.
1547 1264 1649 1305 πλὴν
1661 1264 1691 1304 εἰ
1703 1264 1788 1305 se‘ov

511 1318 700 1371 εὕξοισῦαι
717 1321 963 1369 παραλείπει,
978 1319 1046 1359 ubi
1063 1321 1247 1371 interpres
1262 1319 1453 1358 videatur.
1482 1319 1566 1372 Ego
1578 1331 1676 1359 vero
1691 1331 1788 1359 neu·

511 1384 615 1413 trum
629 1373 714 1413 satis
726 1373 968 1426 affequor.1d
981 1373 1057 1426 agit
1068 1374 1144 1413 illic
1153 1372 1355 1413 Demosth.
1367 1384 1408 1412 ut
1420 1373 1567 1426 ingrata
1578 1371 1653 1413 sese
1662 1373 1788 1412 dicen-

511 1439 590 1466 tem
606 1438 753 1481 purget.
768 1428 906 1481 Neque
919 1427 1022 1467 enim
1035 1426 1104 1466 fibi
1115 1429 1213 1467 vitio
1224 1428 1324 1467 verti
1334 1428 1474 1467 merito
1487 1426 1594 1480 poffe
1603 1427 1669 1475 ait,
1679 1427 1787 1480 quod

513 1481 626 1534 Reip.
643 1483 802 1522 morbos
816 1484 869 1522 ob
883 1481 1022 1521 oculos
1035 1482 1169 1534 populi
1183 1491 1316 1534 ponat.
1344 1480 1426 1521 Nifi
1446 1480 1549 1521 forte
1571 1481 1669 1521 male
1687 1482 1788 1521 invi-

515 1537 604 1575 dere
616 1536 728 1589 Reip.
743 1546 893 1589 putent,
907 1535 935 1574 si
948 1537 1033 1588 quis
1052 1549 1131 1575 non
1147 1548 1350 1589 perpetuo,
1364 1535 1398 1575 ei
1409 1546 1452 1575 ut
1467 1536 1563 1576 bene
1576 1535 1633 1582 sit,
1650 1536 1688 1574 in
1701 1548 1790 1575 ora·

515 1591 622 1630 tione
634 1601 756 1643 optet,
769 1603 857 1630 cum
872 1603 950 1630 non
963 1591 1060 1629 bene
1072 1590 1297 1637 ominando‚
1309 1588 1371 1629 sed
1383 1589 1534 1630 fortiter
1549 1588 1794 1630 consulendo

513 1657 574 1684 res
585 1644 748 1696 gerenda
761 1643 817 1684 sit.
829 1645 947 1684 Hunc
957 1643 1161 1684 Demosth.
1178 1644 1307 1684 locum
1324 1655 1390 1683 aut
1406 1644 1512 1684 aliter
1523 1644 1703 1684 intellexit
1715 1644 1789 1684 Lu-

515 1699 660 1746 cianus‚
671 1709 737 1738 aut
750 1698 825 1738 alio
838 1697 1008 1744 detorsit,
1022 1699 1127 1751 quod
1142 1698 1205 1737 hic
1219 1699 1267 1737 ab
1279 1710 1329 1738 eo
1340 1696 1484 1738 fartum
1500 1699 1657 1738 minime
1672 1711 1791 1750 opor.

515 1752 616 1800 tuit3
633 1764 698 1791 aut
711 1753 876 1806 denique
889 1752 997 1791 aliter
1013 1751 1103 1805 ipse,
1118 1765 1234 1806 quam
1249 1754 1285 1791 in
1301 1752 1493 1792 hodiernis
1504 1751 1626 1792 Codd.
1640 1752 1791 1804 legitur,⁴

517 1806 624 1858 quod
637 1805 820 1860 suspicor,
843 1805 1045 1858 scripserat.
1071 1805 1218 1846 Confer
1239 1807 1280 1846 δι
1294 1805 1386 1846 Phil.
1404 1806 1434 1846 I.
1457 1806 1555 1860 (124
1566 1806 1630 1854 B.)
1645 1806 1788 1858 Chrys.

516 1859 615 1898 Ἀντ.
635 1875 707 1913 343
723 1860 748 1900 f.
764 1856 884 1900 Ὅταν
895 1859 1082 1912 efficacitate
1097 1860 1178 1910 θεῷ,
1189 1859 1339 1909 νηφούσῃ
1355 1861 1418 1900 καὶ
1439 1859 1687 1913 ἀγρυπνούση
1703 1860 1792 1901 διοι-

515 1914 596 1962 νοίᾳ
610 1913 719 1953 τοῦτο
730 1913 894 1954 ποίησον.
905 1914 949 1953 In
960 1914 1015 1954 M.
1025 1911 1121 1964 μήτι
1132 1913 1245 1968 supra
1259 1915 1439 1967 scriptum
1451 1915 1522 1955 est:
1537 1914 1637 1954 unde
1650 1915 1788 1968 liquet,
1840 1910 1841 1914 ¹

515 1966 696 2008 insertum
714 1967 824 2008 fuiffe
846 1969 974 2015 abiis,
1000 1969 1065 2021 qui
1078 1968 1169 2009 huic
1184 1969 1276 2009 loco
1296 1969 1521 2009 medicinam
1536 1968 1663 2009 facere
1680 1969 1790 2010 vole-

518 2022 622 2061 bant.
648 2022 806 2062 SOLAN.
1799 2042 1804 2044 -

573 2077 655 2115 ibid.
675 2074 771 2117 Μήτι
793 2076 948 2130 παρέλ.)
971 2075 1312 2118 Obscuriusculum
1325 2077 1445 2117 reddit
1459 2076 1706 2117 hunelocum
1724 2077 1789 2117 illa

519 2129 712 2170 Atticismi
726 2129 936 2178 affefiatio,
947 2132 1049 2171 circa
1062 2132 1307 2184 negationem
1319 2131 1428 2183 μήτι,
1443 2144 1556 2184 quae,
1570 2142 1788 2171 ceterorum

518 2185 657 2223 rationi
677 2185 838 2232 collata,
857 2185 1037 2225 abundat.
1061 2186 1199 2239 Itaque
1222 2185 1320 2225 idern
1343 2185 1404 2226 hic
1423 2185 1530 2225 valet
1547 2182 1638 2235 μήτι
1650 2216 1662 2235 ,
1681 2186 1789 2239 quod

519 2238 611 2278 alias
631 2238 669 2277 in
687 2238 818 2279 eadem
838 2238 1122 2280 construstione
1138 2239 1285 2279 valeret
1299 2239 1426 2279 τοῦτο.
1454 2239 1647 2280 Sententia
1670 2240 1789 2293 igitur

520 2293 618 2331 haec
631 2293 724 2342 erit,
747 2291 918 2346 scriptori
930 2307 1058 2333 rerum
1080 2295 1222 2347 patriae
1241 2293 1328 2333 suae
1342 2294 1585 2334 adversarum
1606 2294 1788 2346 imputari

520 2346 616 2384 nihil
632 2345 775 2398 potest,
799 2347 868 2386 nist
881 2346 981 2388 forte
995 2348 1086 2387 illud
1097 2378 1106 2393 ,
1121 2347 1148 2386 si
1162 2361 1211 2387 eo
1229 2347 1311 2400 ipso
1325 2351 1499 2402 tempore
1515 2377 1525 2396 ,
1541 2361 1630 2387 cum
1644 2360 1712 2388 eae
1724 2360 1792 2400 ge-

521 2411 711 2449 rerentur,
721 2412 815 2441 vota
825 2399 948 2441 facere
957 2414 1028 2453 pro
1039 2400 1219 2442 felicitate
1231 2401 1386 2442 suorum
1398 2400 1649 2442 intermiserit.
1660 2401 1792 2442 stn.

579 2454 668 2507 Pag.
682 2468 769 2495 202.
782 2456 806 2494 l.
820 2470 852 2495 2.
868 2458 932 2495 Τὸν
944 2454 1194 2508 Θουκυὲίέην)
1206 2456 1470 2509 Thucyd.Vl,
1481 2456 1548 2511 96,
1564 2455 1606 2496 &
1617 2455 1708 2505 VH,
1718 2468 1792 2509 433

526 2506 568 2548 δι
585 2507 631 2550 de
645 2509 830 2560 Γυλίππῳ
847 2508 949 2559 VII,
966 2524 1029 2566 73.
1057 2509 1214 2552 SOLAN.
