1841 3180
440 138 534 197 406
638 132 1524 182 ANNOTATIONES

442 226 634 279 plevimus
645 257 656 274 ,
671 239 768 279 quas
781 227 821 266 δι
839 225 966 265 sensus
982 224 1149 278 postulat
1161 255 1172 270 ,
1192 224 1232 263 δι
1248 237 1331 264 vox
1348 239 1401 266 tm
1412 256 1422 274 ,
1442 235 1486 265 ut
1496 225 1719 275 omitteret,

441 281 597 320 librario
613 280 789 320 oscitanti
803 289 930 319 aniam
948 280 1058 318 dedit.
1074 279 1233 318 SOLAN.

497 338 569 373 ead.
587 335 607 372 l.
623 337 659 374 6.
672 330 814 385 Ὥσπερ
826 334 856 372 οὶ
873 333 1056 386 neroniani)
1068 332 1184 372 Conf.
1200 333 1241 371 L.
1256 332 1336 372 Bos
1348 332 1465 385 (bene
1475 343 1658 374 monente
1668 332 1719 374 cl.

443 388 678 441 Hemsterh.)
691 391 735 426 ad
750 388 817 440 Ep.
833 402 853 426 2
868 388 913 425 ad
925 386 1099 427 Corinth.
1117 400 1141 438 p
1170 400 1257 437 154-
1272 387 1338 425 ubi
1353 387 1635 426 καπηλεύοντες
1650 389 1718 427 τὶν

444 442 557 494 λόγον
571 440 637 480 τοῦ
653 441 737 480 δεοῦ
752 442 918 494 explicat
931 453 978 480 ex
1000 439 1184 493 Aeschyl.
1207 454 1232 489 7
1245 440 1370 479 Theb.
1393 442 1622 480 καπηλεύειν
1638 443 1721 490 μά·

445 510 540 548 χην,
555 496 665 548 quod
688 496 832 534 Ennius
853 497 1039 548 cauponari
1058 496 1176 533 hellam
1193 494 1285 533 dixit
1297 525 1308 542 ‚
1324 495 1345 533 i.
1362 507 1395 534 e.
1411 507 1502 534 cum
1524 495 1618 534 dolo
1640 495 1721 534 bel·
1783 522 1789 525 -

446 551 525 588 lum
540 562 691 600 gerere,
707 549 744 588 8:
763 561 863 588 auro
885 549 1004 600 magis
1015 579 1025 593 ,
1039 562 1154 602 quam
1169 547 1272 587 ferro
1286 561 1329 588 ac
1345 550 1504 588 virtute.
1520 548 1722 588 Peculiari-

444 613 506 642 ter
524 603 569 641 de
590 602 831 656 philosophis
852 603 1048 642 veteribus
1071 604 1202 642 dicunt
1217 602 1356 642 Graeci
1371 603 1573 656 tcriptores
1588 617 1722 643 καπη-

445 656 562 695 λεύειν
575 657 718 704 σοφίαν,
727 655 956 708 μαθήματα,
971 657 1017 696 de
1033 657 1138 696 malis
1153 658 1191 697 δι
1208 656 1407 708 Sophistis‚
1421 659 1487 708 qui
1502 656 1721 709 sapientiam

444 709 488 748 δε
501 709 710 762 disciplinas
725 711 900 763 quaestui
915 711 1103 750 habebant
1116 741 1128 757 ,
1144 711 1184 750 δι
1199 710 1289 749 falia
1305 723 1377 763 pro
1391 713 1494 750 veris
1514 711 1720 760 docebant,

445 764 558 803 bonis
583 764 679 803 mala
706 765 934 813 miscebant,
950 765 1051 804 haud
1073 766 1180 804 aliter
1194 778 1238 804 ac
1262 777 1477 817 caupones,
1499 766 1565 817 qui
1586 765 1721 804 vinum

447 830 548 869 aqua
560 819 724 858 mixtum
740 821 933 864 vendunt,
951 820 1012 858 vel
1025 820 1091 870 qui
1107 819 1238 858 dolose
1249 822 1485 866 metiuntur3
1504 831 1627 872 eaque
1642 819 1723 872 plu-

443 872 554 912 ribus
567 874 755 926 exemplis
766 874 918 912 firmata
931 874 1133 912 videantur
1146 874 1297 912 ibidem.
1313 874 1415 912 Hinc
1427 877 1639 913 κοινωνικὸς
1649 886 1723 926 pro

446 924 695 966 fraudulento
709 929 811 981 apud
824 926 1066 977 Aristophan.
1083 926 1265 979 aliosque.
1278 927 1385 967 Olim
1406 940 1504 966 vero
1517 927 1555 966 in
1571 939 1721 980 partem

448 993 531 1019 non
546 981 595 1019 ita
607 980 744 1020 malam
757 983 932 1027 valebat,
946 983 1038 1034 quin
1053 981 1280 1035 significaret
1292 994 1447 1021 omnem
1460 981 1631 1021 lucrandi
1642 994 1724 1022 mo·

449 1034 542 1073 dum
555 1064 567 1080 ,
581 1035 615 1073 id
629 1037 833 1090 praecipue
845 1048 1085 1076 mercaturae
1098 1049 1217 1088 genus
1228 1066 1240 1082 ,
1256 1036 1362 1088 quod
1377 1049 1444 1088 per
1460 1048 1642 1075 nummos
1653 1034 1722 1083 fit,

448 1088 742 1142 opponiturque
753 1089 894 1144 priscae
909 1091 1098 1128 mercium
1111 1092 1403 1142 permutationi:
1419 1102 1539 1142 quare
1555 1102 1723 1130 καπηλι-

450 1143 494 1179 κῑς
509 1145 627 1195 τέχνη
649 1144 688 1183 δι
704 1146 917 1183 καπηλικὶν
932 1145 1034 1185 τεξὶε
1054 1145 1218 1184 vertitur
1239 1145 1469 1184 nummularia
1488 1143 1723 1197 ap.-Aristot.

450 1195 468 1234 I
483 1194 592 1235 Polit.
613 1208 646 1235 c.
657 1212 680 1249 9
691 1228 705 1243 ‚
718 1198 784 1237 ubi
796 1198 856 1238 his
875 1211 931 1238 ter
951 1209 1160 1238 occurrens
1173 1199 1248 1238 hoc
1260 1200 1425 1238 verbum
1437 1229 1451 1245 ‚
1466 1210 1538 1238 nec
1551 1210 1636 1238 non
1655 1210 1721 1238 ca-

450 1250 532 1302 pitt.
545 1249 647 1304 seqq.
661 1253 779 1291 videri
794 1252 928 1305 potest.
942 1252 1089 1291 RErrz.

506 1308 580 1343 ead.
595 1306 618 1344 l.
633 1319 668 1356 7.
682 1306 1004 1360 Κερασάμενοίγε)
1016 1307 1157 1359 Aquam
1172 1306 1401 1359 immiscentes.
1415 1306 1553 1346 BROD.
1571 1306 1616 1345 In
1627 1317 1723 1345 ven*-

450 1356 597 1398 ditione
616 1360 695 1399 vini
713 1361 901 1413 triplicem
923 1360 1002 1401 fere
1021 1360 1189 1400 ftaudem
1205 1373 1430 1413 cauponum
1452 1371 1590 1400 norant
1612 1368 1722 1400 vete-

452 1425 534 1451 res:
551 1415 656 1466 quod
675 1415 768 1453 iilud
788 1416 932 1454 diluant
944 1446 954 1462 ‚
971 1417 1242 1467 mangonizent
1254 1444 1264 1460 ,
1280 1414 1319 1454 δι
1334 1414 1425 1455 falsa
1438 1413 1615 1455 mensura
1628 1427 1723 1454 ven-

452 1466 555 1506 dant.
572 1466 733 1519 Casaub.
749 1470 795 1507 ad
808 1469 1005 1522 Theophr.
1017 1468 1132 1509 Char.
1149 1484 1184 1521 p.
1199 1482 1286 1517 244.
1302 1469 1460 1509 SOLAN.

507 1525 581 1561 ead.
595 1524 616 1560 l.
632 1535 645 1559 1
658 1536 689 1574 ς.
700 1522 787 1573 'Apa
800 1518 1049 1577 ταύτὰῩΑροι
1057 1523 1186 1562 ταῦτα
1198 1524 1278 1562 edd.
1291 1524 1392 1576 Lege
1402 1518 1541 1562 ταῦτά.
1550 1521 1722 1562 GUYET.

454 1573 586 1628 Rogat
598 1577 890 1618 Hermotimum
904 1578 1112 1626 Lucianus,
1127 1577 1142 1615 ὃ
1157 1576 1400 1616 siscia-namt
1415 1577 1433 1616 ὃ
1449 1579 1529 1623 obt,
1541 1571 1615 1628 ἷιραι
1629 1575 1724 1615 ταῦ-

454 1643 509 1667 τα
523 1634 612 1681 πρὶς
630 1629 731 1680 ὑμᾶς
750 1633 859 1685 λέγει
877 1632 1068 1683 ὁσημέραι,
1083 1631 1148 1670 καὶ
1161 1631 1329 1680 περὶτῶν
1340 1628 1478 1679 αὐτῶν,
1489 1630 1509 1668 ’ἦ
1527 1634 1633 1670 ἀλλα
1649 1635 1721 1670 άλ-

455 1693 566 1730 λοτες
587 1687 720 1723 πολλὰ
739 1686 819 1738 γάρ
839 1687 934 1726 ἐστι.
955 1685 1150 1737 πρόδηλον,
1172 1679 1198 1725 (ἶ)
1215 1683 1348 1738 ἑταῖρε.
1371 1685 1390 1724 ii
1408 1682 1473 1723 σῦκ
1486 1684 1532 1724 ἂν
1553 1684 1648 1723 eiam
1665 1684 1722 1723 ἔτι

455 1739 663 1789 παρέμενες
675 1736 781 1788 αὐτῷ
798 1742 903 1780 κατὰ
923 1742 986 1780 τὸν
997 1739 1186 1779 Ὀδυσσέα
1201 1739 1437 1790 περινοστῶν,
1451 1740 1516 1778 καὶ
1529 1750 1722 1790 περιπλα-

453 1790 623 1841 νώμενος,
640 1792 671 1832 εἰ
683 1796 737 1832 τὰ
756 1792 860 1834 αὐτὰ
880 1794 1025 1848 ἔλεγεν,
1040 1793 1132 1832 ἀλλ’
1147 1796 1307 1844 ἀπέχρη
1322 1807 1368 1831 αν
1389 1808 1445 1832 σοι
1461 1793 1526 1832 καὶ
1540 1791 1655 1844 ἅπαξ
1674 1798 1722 1833 ἐι·

453 1846 660 1895 κούσοιντις
673 1849 865 1897 Vertitur,
879 1850 1082 1902 Praeceptor
1102 1860 1182 1888 tuus
1203 1863 1284 1887 num
1303 1849 1386 1886 haec
1399 1847 1548 1901 ‘quotidie
1559 1847 1642 1887 AEcit
1658 1862 1722 1887 vo·

454 1900 520 1949 bis,
531 1900 567 1940 δ’
580 1902 620 1944 de
632 1900 746 1953 iisdem
759 1905 858 1942 verba
862 1902 969 1955 facit,
984 1919 1031 1942 an
1041 1918 1119 1942 vero
1131 1904 1221 1941 alias
1233 1902 1305 1941 alia
1314 1902 1501 1954 proponit?
1516 1902 1625 1942 multa
1635 1901 1721 1941 enim

447 1954 549 2006 sunt,
561 1968 601 1995 ut
607 1968 716 2006 patet,
731 1958 846 1998 amice.
857 1958 921 1996 An
931 1973 998 1997 non
1009 1972 1087 1996 vero
1097 1959 1292 2003 etiamnum,
1305 1968 1343 1994 ut
1349 1972 1417 2009 par
1428 1958 1485 2009 cst,
1491 1955 1721 2010 apmdipsum‚

452 2009 559 2064 instar
575 2011 709 2064 Ulyffis
725 2012 961 2051 circumeundo
971 2042 983 2059 ‚
1004 2011 1040 2048 δ’
1054 2013 1236 2051 oberrando
1248 2014 1427 2062 perduras,
1430 2012 1470 2063 fi
1484 2013 1596 2050 eadem
1609 2011 1720 2063 loqui-

453 2073 522 2112 tur,
543 2065 600 2103 vel
616 2065 675 2103 tibi
690 2065 782 2118 fatis
803 2068 846 2119 est
864 2067 997 2118 aliquid
1005 2067 1110 2118 fimel
1125 2064 1354 2117 inaude'wffi?
1368 2064 1441 2104 Sed
1464 2063 1559 2103 nihil
1579 2065 1720 2104 certius

451 2117 560 2157 iuxta
574 2118 616 2158 &
631 2118 860 2160 manifestius
872 2151 881 2167 ‚
896 2133 1011 2173 quam
1027 2133 1099 2170 pro
1115 2120 1278 2182 vulgato
1291 2116 1422 2157 ταῦτα
1436 2121 1527 2169 πρὶς
1546 2113 1644 2169 ὑμᾶς
1657 2118 1720 2156 λέ-

451 2186 518 2222 γει
532 2173 729 2225 ὁσημέραι,
744 2174 946 2226 legendum
965 2171 1098 2213 ταῦτὰ
1110 2190 1154 2213 π.
1173 2189 1205 2212 υ.
1223 2185 1258 2212 λ.
1277 2172 1308 2213 ὃ.
1322 2173 1429 2212 Patet
1443 2185 1492 2212 ex
1505 2185 1546 2212 re
1561 2170 1639 2225 ipsa
1650 2201 1662 2219 ‚
1677 2172 1719 2213 δι

450 2224 708 2279 sequentibus.
731 2227 828 2268 Duo
841 2239 978 2281 rogat,
1001 2239 1132 2269 utrum
1155 2226 1327 2280 magister
1343 2227 1473 2267 eadem
1494 2225 1653 2279 semper,
1670 2237 1719 2267 an

451 2280 653 2322 identidem
674 2282 744 2321 alia
760 2292 966 2336 proponat.
984 2281 1253 2335 Respondebat
1271 2281 1370 2334 ipse,
1385 2280 1476 2320 illud
1496 2279 1570 2320 effe
1582 2279 1721 2331 πρόθη-

453 2344 524 2374 mv·
549 2335 685 2377 scilicet
706 2337 776 2376 alia
802 2336 1005 2376 identidem
1032 2336 1228 2389 proponi,
1251 2349 1340 2375 cum
1366 2334 1485 2376 multa
1505 2332 1580 2373 fint
1597 2345 1719 2374 excu-

451 2389 577 2428 tienda
589 2420 601 2436 ‚
618 2392 658 2431 δι
671 2389 838 2442 discipuli
852 2401 1055 2445 propterea
1068 2390 1229 2442 longum
1242 2400 1392 2442 tempus
1407 2389 1567 2431 debeant
1581 2388 1720 2428 adhae-

450 2455 534 2483 rere
548 2446 913 2500 praeceptoriz-nam
929 2444 955 2485 si
970 2445 1101 2486 eadem
1115 2444 1260 2498 semper
1274 2453 1603 2498 proponerentur,
1615 2440 1716 2485 suffi-
