1768 3185
273 105 374 151 IN
440 107 1213 154 HERMOTJMUM.
1290 128 1380 176 379

108 193 202 234 illud
216 194 302 243 nai,
316 196 422 249 quod
434 196 498 235 vel
519 196 565 236 ad
587 195 765 236 nauseam
793 195 944 236 infarcit
966 196 1004 235 in
1027 196 1159 237 Somn.
1182 211 1264 251 cap.
1282 215 1316 248 1,
1340 216 1360 239 2
1374 232 1385 247 ,

113 263 149 302 3.
171 249 320 289 Rmz.

164 305 238 342 ead.
249 304 273 342 l.
287 317 345 352 14.
357 301 472 353 ’Ὑπὲρ
485 306 546 342 τὸν
560 302 734 357 Λυγκέα)
745 303 881 356 Lynceo
890 303 1124 357 perspicacior.
1136 304 1387 358 perspicaces,

110 355 363 409 intelligentes
382 357 424 396 δε
443 369 553 396 acute
573 356 833 409 subtiliterque
853 359 1026 397 videntes
1039 359 1169 411 Lyncei
1188 359 1386 408 dicuntur,

104 421 193 449 -non
207 422 231 448 a
245 410 381 462 Lynce
395 411 570 456 animali,
585 411 644 451 sed
661 425 681 450 a
700 411 860 462 Lynceo
875 412 1190 464 Argonautarum
1206 426 1300 461 uno,
1316 415 1385 466 qui

103 462 308 509 ,dielitabat
326 464 425 504 ultra
441 466 624 517 parietem
642 466 795 512 videre3
812 465 972 504 Hieron.
992 478 1127 505 contra
1141 467 1229 512 loa,
1245 466 1386 519 Orige-

106 515 257 557 nistam.
270 518 359 558 Val.
373 518 402 557 F
405 519 498 558 laec.
515 519 555 558 L.
570 519 586 557 I
600 533 608 558 :
630 541 674 548 —
688 534 825 571 cunique
844 520 978 558 aethera
994 522 1146 572 luppiter
1165 522 1281 560 umbra
1301 523 1386 560 Per-

108 571 230 609 u'lakrit
238 571 354 623 solus,
375 575 655 624 tranfibatfidzra
671 574 840 624 Lynceus.
864 572 955 612 Plin.
970 574 1012 612 L.
1027 575 1099 620 IV,
1113 588 1142 614 c.
1161 588 1219 614 10.
1232 574 1314 614 Cic.
1337 576 1384 614 de

109 637 172 664 eo.
185 625 340 666 Lucian.
357 626 612 680 Icaromenip.
631 628 672 666 δι
687 625 789 665 Dial.
806 626 953 678 Menip.
972 627 1013 666 δι
1031 628 1214 668 Tiresiae.
1236 627 1383 668 COGN.

1 739 9 748 .
70 728 82 733 -
102 678 218 719 Utin
234 679 755 732 Contempl.BouRD.Vid.
779 679 1023 733 Aristophan.
1048 682 1176 721 Schol.
1199 683 1236 720 in
1257 682 1385 722 Pluto.

107 732 277 772 voasr.
289 733 347 773 Ita
357 747 560 788 corrupte,
571 746 616 774 ut
628 733 802 780 exhibui,
817 733 950 774 versus
958 736 994 772 V
999 736 1044 773 al.
1057 736 1086 773 F
1089 736 1179 775 iacci
1192 749 1235 774 ex
1242 736 1309 774 stat
1323 750 1381 788 ap.

103 785 238 839 Cogn.
250 800 365 840 quem
387 788 529 829 GraeV.
547 790 632 828 edit.
646 789 782 827 eodem
800 789 918 828 modo
934 801 983 828 ex
1005 788 1167 828 Paristna
1180 788 1384 843 descripsit.

109 840 183 880 Sed
198 841 276 881 vid.
289 843 375 881 edit.
389 843 601 882 Burmanni
615 843 655 881 L.
670 841 707 890 Ι,
721 842 818 890 466,
840 843 904 881 ubi
920 842 1020 894 leges
1037 866 1079 872 —
1099 859 1236 896 cumque
1252 848 1385 883 aethera

108 895 264 948 luppiter
277 898 393 935 umbra
405 897 592 936 Perdiderit
603 927 615 942 ,
628 896 728 948 sulus
749 897 904 946 transibit
922 898 1037 935 nubila
1051 898 1223 950 Lynceus.
1236 898 1343 937 ΒΗΤ
1349 911 1385 938 Ζ.

166 950 257 1001 Pag.
275 963 337 1000 27.
352 951 374 988 l.
392 965 425 1003 3.
438 953 547 990 Κατὰ
561 951 660 1002 3232)
678 950 750 989 Dei
762 950 928 1002 auspicio,
941 952 975 988 di
980 952 1116 989 vinitas.
1129 952 1270 991 BROD.
1282 953 1385 992 Con-

109 1000 168 1041 fer
179 1004 291 1043 huius
304 1003 406 1044 Dial.
420 1017 452 1044 c.
468 1017 482 1042 ι
495 1019 524 1057 5.
541 1004 700 1044 SOLAN.
718 1005 885 1043 Adducit
899 1004 993 1044 haec
1011 1005 1166 1044 Luciani
1180 1007 1298 1045 verba
1310 1007 1384 1046 lac.

109 1055 256 1097 Elsner.
270 1059 317 1097 ad
334 1073 356 1098 2
376 1057 553 1098 Corinth.
567 1058 670 1104 Vll,
687 1071 732 1097 10
745 1089 757 1106 ‚
770 1058 810 1097 δε
830 1059 1107 1112 interpretatur
1119 1061 1226 1097 κατὰ
1245 1063 1326 1100 δέον
1338 1060 1389 1100 εἱ-

110 1109 227 1160 λόμην
240 1142 252 1160 ,
274 1126 333 1165 ego
351 1112 467 1152 divino
488 1113 644 1164 beneficio
664 1113 744 1165 elegi
760 1143 771 1160 ‚
791 1111 1000 1165 firmatque
1023 1126 1071 1152 ex
1096 1113 1387 1154 Iamblich.vir.

109 1163 274 1218 Pythag.
297 1179 330 1205 c.
345 1167 415 1215 26,
429 1180 466 1220 p.
485 1167 745 1218 97;”Ασμενος
762 1165 808 1205 si·
833 1165 879 1205 ὣς
894 1170 1002 1206 κατὰ
1014 1170 1094 1206 ,θεὸν
1111 1167 1306 1217 &inausum
1321 1167 1387 1206 αὖ.

109 1218 164 1269 ’τῷ
171 1217 238 1259 τῆς
248 1218 460 1271 προθέσεως,
473 1222 584 1260 laetus
594 1221 720 1273 itaque,
734 1223 1260 1273 quodpropcfitumfibinonfine
1268 1222 1387 1261 divina

110 1287 172 1324 ope
175 1272 374 1324 succederet.
389 1274 492 1314 Licet
505 1275 524 1315 ἣ
550 1277 657 1313 κατὰ
676 1278 756 1314 &sev
769 1275 869 1313 λὺττη
885 1275 923 1313 in
944 1275 979 1313 Ν
982 1288 1049 1314 ov.
1067 1275 1096 1313 F
1099 1276 1182 1314 oed.
1197 1276 1326 1328 potius
1339 1276 1384 1316 fit

109 1328 432 1381 tristitiaficundunz
445 1331 581 1376 Deum,
598 1341 713 1381 quam
729 1345 750 1366 α
761 1331 841 1367 Deo
853 1329 1011 1381 immiffa,
1027 1330 1134 1382 quod
1151 1329 1252 1368 refile
1264 1343 1312 1368 ex
1328 1330 1384 1370 lo-

108 1381 164 1421 cis
176 1382 210 1421 N
216 1381 278 1422 .T.
291 1381 474 1422 similibus
487 1384 624 1435 probat
637 1383 748 1421 idem.
765 1382 966 1434 Quodque
979 1384 1094 1422 etiam
1106 1382 1292 1422 similibus
1305 1384 1387 1436 pos-

109 1433 164 1474 set
174 1436 402 1488 probari‚ex
414 1436 583 1490 profanis
595 1435 853 1488 scriptoribus.
866 1435 892 1474 fi
904 1437 993 1488 quid
1004 1450 1105 1488 opus
1116 1436 1226 1476 foret.
1241 1437 1383 1476 RmTz.

163 1493 238 1530 ead.
251 1491 275 1529 I.
289 1491 326 1530 6.
341 1492 412 1530 Καὶ
423 1493 511 1542 πρὸς
525 1489 608 1542 ἐμὲ)
625 1490 712 1529 Vid.
726 1489 826 1542 supr.
838 1489 1030 1529 Prometh.
1045 1503 1077 1530 c.
1091 1505 1124 1542 3.
1136 1490 1295 1529 SOLAN.

164 1546 238 1583 ead.
252 1545 275 1583 l.
286 1558 323 1595 7.
334 1544 386 1584 Ἐν
397 1544 529 1594 πολλῷ
542 1544 596 1595 τῷ
611 1544 802 1597 συρφετῷ)
816 1544 876 1583 Sic
891 1542 1004 1597 supra
1020 1556 1052 1583 c.
1077 1558 1091 1583 1
1112 1543 1136 1582 f.
1152 1544 1270 1584 huius
1281 1544 1385 1584 Dial.

110 1597 147 1637 ἐν
159 1597 213 1647 τῷ
222 1598 357 1647 πολλῷ
366 1598 437 1638 τῶν
447 1598 603 1638 ἰδιωτῶν
616 1598 790 1650 συρφετῷ.
802 1598 948 1637 REITz.

163 1654 238 1691 ead.
249 1653 274 1692 l.
287 1651 322 1692 8.
337 1652 411 1704 Γᾶς
424 1652 588 1706 σοι)’“Αν,
603 1653 708 1705 quod
719 1653 779 1692 hic
791 1651 1027 1692 inserebatur
1040 1652 1078 1691 in
1093 1652 1276 1692 omnibus
1287 1683 1298 1701 ,
1314 1652 1385 1692 du·

110 1717 155 1745 ce
166 1707 238 1745 W.
250 1705 473 1746 delevimus.
490 1707 651 1746 SOLAN.

164 1762 238 1799 ead.
251 1761 274 1799 l.
289 1760 417 1799 10.'‘Av
425 1775 476 1811 με
487 1760 662 1814 ἀρέσειεν)
676 1759 801 1800 Modo
814 1759 985 1807 dixerat,
1001 1756 1046 1799 ἄν
1060 1775 1114 1798 σοι
1129 1758 1288 1810 ἀρέσκει,
1307 1759 1382 1798 iam

111 1825 210 1854 vero
221 1813 418 1854 accusandi
430 1814 557 1854 casum
572 1815 744 1867 adiungit
755 1814 875 1853 eidem
891 1814 1015 1853 verbo
1031 1830 1039 1852 :
1064 1825 1272 1864 utrumque
1286 1826 1383 1853 vero

110 1866 292 1907 usitatum
311 1867 385 1908 effe
400 1881 479 1908 non
494 1881 690 1908 monerem
703 1899 714 1916 ,
733 1867 799 1906 nlsl
818 1867 1028 1920 suspicatus
1041 1866 1154 1907 essem
1167 1898 1179 1913 ,
1196 1867 1382 1906 Solarium

111 1921 284 1961 nostrum
300 1923 476 1962 dubitare
497 1923 634 1962 dehoc
651 1921 749 1961 casu.
769 1921 941 1961 Dativus
960 1933 1085 1960 tamen
1099 1921 1221 1972 vulgo
1241 1922 1386 1962 notior.

110 1975 419 2016 Accusativ.vid.
433 1990 494 2030 ap.
507 1976 699 2029 Aristoph.
714 1975 809 2015 Plut.
824 1991 841 2029 3
854 1990 867 2026 5
878 1991 910 2027 3.
925 1975 1033 2015 Adde
1048 1976 1161 2014 eund.
1173 1975 1273 2013 Ran.
1292 1989 1380 2026 103,

113 2031 164 2071 Σὲ
175 2031 221 2070 δὲ
233 2029 349 2070 ταῦτ’
363 2032 521 2083 ἀρέσκει.
537 2031 647 2070 Plura
660 2029 798 2081 Spanh.
812 2030 858 2068 ad
869 2029 964 2069 Plut.
977 2029 1001 2067 l.
1019 2042 1052 2068 c.
1070 2027 1195 2075 affert,
1206 2040 1248 2068 ut
1264 2028 1380 2078 Vesp.

111 2085 191 2138 769
203 2115 214 2131 ‚
226 2084 398 2124 Acharn.
418 2084 510 2133 188,
524 2085 654 2138 Eurip.
666 2083 792 2124 Orest.
808 2097 903 2128 210,
916 2084 1098 2134 Thucyd.
1118 2083 1156 2131 Ι,
1172 2096 1204 2121 c.
1220 2097 1233 2120 1
1245 2081 1292 2120 28
1305 2084 1379 2120 &a

106 2148 240 2178 -tamen
251 2138 387 2178 leviter
397 2139 588 2178 aberravit
601 2140 637 2177 in
651 2137 885 2191 proferendis
896 2137 1138 2188 Thucydidis
1151 2136 1291 2181 verbis,
1302 2135 1386 2175 scri-

111 2193 229 2239 bens,
243 2191 324 2232 οὕτι
345 2208 389 2233 σε
404 2192 542 2232 τούτων
556 2193 728 2245 ἀρέσκω
747 2205 837 2231 cum
856 2205 913 2244 ap.
931 2191 1149 2241 Thucydid.
1173 2191 1334 2242 legatur,
1353 2190 1383 2228 εἰ

114 2242 174 2286 οὖν
191 2261 229 2286 τι
250 2246 293 2286 σὲ
304 2247 442 2287 τούτων
461 2247 619 2298 ἀρέσκει.
637 2245 784 2286 Confer
798 2246 845 2284 ibi
858 2243 1052 2291 Scholiast.
1065 2245 1130 2298 qui
1144 2243 1383 2283 Atticiimum

113 2300 189 2341 effe
202 2302 274 2350 ait,
289 2300 548 2341 accusativum
562 2313 636 2353 pro
649 2301 790 2339 dativo.
805 2300 952 2338 Rmz.

168 2356 248 2394 ibid.
261 2359 330 2394 Μοι
344 2354 474 2408 eipso.)
493 2355 551 2394 Sic
567 2355 624 2393 edi
641 2367 687 2393 ev<
705 2354 924 2395 comestura
940 2352 1162 2392 curavimus
1173 2381 1184 2397 ‚
1199 2350 1383 2403 quamvis

112 2409 154 2451 in
166 2409 349 2450 omnibus
361 2409 444 2450 edd.
461 2408 595 2463 &ipso
609 2409 664 2449 M.
676 2408 859 2462 scriptum
874 2407 918 2447 sit
927 2421 992 2458 με.
1003 2408 1037 2447 V
1045 2407 1091 2446 id.
1105 2406 1196 2446 Eur.
1211 2416 1295 2459 pag.
1310 2416 1380 2457 195
