1841 3180
475 145 570 190 414
684 127 1582 179 ΑΝΝΟΤΑΤῘΟΝΕΞΙ

476 234 600 276 poeus
615 221 843 269 reddiderat,
856 236 957 274 neque
979 222 1064 259 enim
1084 218 1166 259 mihi
1186 221 1323 260 dubium
1342 223 1408 275 est,
1422 223 1545 276 peritia
1563 223 1709 264 natan&
1725 234 1757 264 te

470 277 675 328 praecellere.
694 276 832 315 Melius
846 275 1039 315 Benediel.
1052 274 1190 313 iuvante
1201 276 1284 313 enim
1305 277 1385 315 Deo
1397 290 1516 315 natare
1523 276 1610 329 scis.
1628 277 1755 319 Poste-

475 331 554 370 rius
566 343 706 370 verum
725 328 859 378 esse‚fi
875 329 1105 381 probatione
1127 327 1288 382 indiget,
1308 330 1367 368 adi
1387 329 1635 383 Aristophan.
1654 325 1754 372 Plu't.

480 398 564 433 114.
586 384 632 423 Et
647 383 850 423 Kusterum
862 412 872 430 ,
888 383 985 421 idem
999 395 1047 422 ex
1064 383 1189 434 Eurip.
1210 381 1478 423 adstruentem.
1491 384 1634 424 RErrz.

533 440 623 490 Pag.
637 438 700 485 87.
715 439 737 475 l.
763 451 793 475 1.
808 436 849 475 ‘O
862 436 907 475 δὲ
920 436 1061 488 πέντε)
1077 437 1135 475 Μ.
1149 438 1189 476 &
1203 436 1257 475 Fl.
1273 436 1330 476 ed.
1344 438 1438 478 haec
1453 439 1575 479 verba
1588 438 1756 487 habent,'

480 506 579 545 quae
595 493 631 530 in
647 492 798 544 reliquis
809 503 891 529 non
909 491 1167 542 reperiuntur.
1183 491 1340 530 SOLAN.

530 547 622 597 Pag.
639 544 700 583 88.
713 546 737 583 l.
754 558 767 582 1
779 558 813 582 2.
828 543 993 584 Ἰἓιώτην
1007 546 1090 584 τινὰ
1102 544 1200 597 βίον)
1219 544 1312 583 lens.
1327 544 1429 585 aliud
1451 558 1567 599 agens
1582 547 1620 586 in
1634 545 1755 588 Leat.

475 599 568 639 Luc.
583 613 618 652 p.
635 611 701 651 90,
716 597 860 637 fatetur
872 599 1039 651 quidem,
1055 597 1305 638 Benedic‘tum
1320 612 1400 639 non
1417 600 1528 652 plane
1551 600 1752 651 aberrasse,

476 654 543 705 qui
565 653 739 706 privatam
761 653 870 691 vitam
890 653 1051 692 verterit
1068 665 1081 700 ;
1106 662 1236 692 tamen
1264 665 1342 692 non
1373 653 1594 695 intellexiffe
1619 667 1753 695 veram

472 707 579 753 vim,
603 720 691 746 cum
708 705 892 759 significet
907 708 1025 745 vitam
1045 709 1159 745 rudem
1173 737 1185 753 ,
1208 707 1396 756 ἱηόοέῖαηι,
1415 709 1624 760 impolitam,
1642 709 1756 749 incul-

471 773 564 800 tam:
586 760 737 813 aliaque
755 760 931 812 exempla
955 759 1091 807 affert,
1112 761 1181 800 ubi
1203 761 1358 800 ism‘nne
1376 774 1598 815 exponatur
1620 776 1687 817 per
1705 767 1754 802 ὀι-

467 829 622 865 faova-05.
642 815 689 854 Et
706 813 986 869 appositionem
1001 815 1102 853 illam
1118 815 1284 855 duorum
1299 814 1626 857 substantivorum
1642 817 1754 870 pluri-

473 869 548 908 bus
564 868 723 908 illustrat
734 899 745 916 ‚
762 880 806 907 ut
822 869 1058 920 στρατιώτης
1070 869 1161 916 βίος,
1174 871 1299 922 τέχνη
1312 870 1501 916 βάναυσος
1513 870 1588 912 &c.
1602 871 1754 912 Confer

472 921 571 962 infra
584 936 664 975 cap.
679 924 701 961 8
711 937 742 962 1.
756 922 898 962 Rmrz.

525 979 598 1015 ead.
611 979 633 1016 l.
655 991 714 1025 ις.
727 976 799 1015 Τοῦ
815 974 1029 1026 φιλοσοφεῖν
1050 975 1183 1030 ΛΥΚ.)
1208 975 1399 1030 Expunge
1419 981 1523 1017 ΛΥΚ.
1543 978 1650 1032 quod
1664 979 1753 1032 qui-

473 1030 558 1069 dem
573 1030 656 1084 post
671 1031 790 1070 verba
801 1031 896 1071 haec
911 1031 990 1070 εἳτη
1004 1030 1070 1070 καὶ
1077 1030 1131 1080 μὴ
1147 1030 1445 1071 substituendum
1457 1031 1511 1072 est
1523 1032 1601 1074 hoc
1613 1034 1748 1086 paeto:

470 1085 550 1124 εἴτε
563 1086 626 1124 καὶ
635 1083 700 1135 μή.
713 1091 775 1122 ΛΤ
781 1089 817 1124 Κ.
831 1085 972 1124 BROD.
987 1084 1160 1124 Delenda
1172 1097 1267 1125 nota
1282 1084 1469 1138 personae
1482 1090 1586 1126 ΛΤΚ.
1599 1087 1750 1127 MARC-

524 1139 605 1177 ibid.
617 1138 730 1177 Τοῦτο
745 1139 939 1191 ξυμβαίνει
958 1153 1012 1191 ’γε
1026 1138 1066 1191 ἐξ
1081 1136 1127 1178 ὧν
1141 1140 1213 1190 φῂς
1227 1139 1418 1179 ἀέὑνιιτον
1430 1135 1527 1180 εἶναι
1547 1141 1751 1190 φιλοσοφῆ-

475 1192 559 1245 σαι)
576 1192 812 1246 Obsopoeus
823 1223 835 1239 ‚
860 1194 949 1232 illud
966 1193 1095 1246 quidem
1116 1194 1263 1241 accidit,
1280 1196 1373 1247 quod
1388 1194 1499 1240 dicis:
1513 1195 1752 1249 philosophati

467 1259 638 1300 promtum
652 1264 721 1287 non
734 1247 804 1300 ff'·
820 1246 874 1287 At
888 1247 1127 1295 Benedifius‚
1142 1248 1232 1286 illud
1242 1249 1371 1301 quidem
1383 1248 1528 1295 accidit,
1544 1252 1637 1302 quod
1646 1250 1749 1297 dicis,

471 1317 540 1340 non
551 1301 614 1354 eſj'e
620 1313 789 1354 promtum
797 1302 1031 1355 philofhplziae
1042 1303 1240 1349 incumbere,
1250 1302 1291 1342 δι
1306 1301 1420 1342 huius
1432 1301 1567 1343 nasuta
1575 1316 1751 1344 commu-

471 1357 618 1395 tatione
633 1368 779 1396 vocum
791 1386 802 1404 ‚
818 1356 858 1396 δι
873 1354 1072 1409 utriusque
1093 1356 1408 1409 interpretatione
1420 1369 1500 1396 non
1519 1356 1606 1398 satis
1623 1358 1749 1399 valida

470 1410 582 1450 vocis
606 1410 805 1451 ἀέὑνοιτον.
826 1410 998 1463 Intellige
1020 1423 1109 1450 cum
1134 1422 1262 1463 patre,
1279 1412 1367 1450 illud
1379 1411 1510 1463 quidem
1523 1412 1694 1465 colligitur
1704 1429 1748 1452 ex

470 1464 527 1510 iis,
546 1479 631 1517 quae
643 1476 680 1503 tu
693 1464 794 1511 dicis,
805 1479 873 1504 non
894 1465 987 1517 soff}
1003 1464 1248 1517 philosophari.
1263 1466 1362 1504 Nam
1379 1466 1592 1517 ξυμβαίνειν
1604 1467 1666 1507 hic
1680 1481 1751 1521 po-

469 1519 588 1566 nitur,
607 1529 651 1558 ut
671 1519 807 1571 supra,
827 1520 991 1568 μαίνοιτ’
1012 1517 1056 1556 ἂν
1075 1518 1090 1557 ὁ
1108 1519 1161 1568 μὴ
1188 1520 1356 1569 τέτταρα.
1378 1519 1590 1572 ξυμβαίνειν
1611 1524 1749 1574 λέγων,

471 1585 610 1624 nempe
623 1572 665 1611 ἐκ
690 1572 794 1612 suasit
814 1571 968 1612 ὃυέιὲων
984 1572 1241 1613 συντεθεισῶν.
1258 1572 1404 1613 GRON.
1420 1574 1634 1628 lmen-pres,
1651 1575 1750 1615 Illud

471 1627 601 1680 quidem
621 1627 757 1675 accidit,
773 1630 864 1679 quod
875 1627 975 1673 dicis,
991 1627 1226 1681 philofhplzari
1234 1641 1404 1679 promtum
1426 1643 1494 1667 non
1509 1629 1579 1681 effin
1595 1629 1649 1669 At
1661 1642 1746 1670 non

470 1681 626 1720 videtur
642 1681 859 1720 intellexisse
873 1682 1040 1721 verbum
1066 1682 1293 1732 ξυμβαίνειν,
1309 1682 1413 1734 quod
1435 1680 1544 1736 saepe
1559 1682 1747 1737 usurpant

471 1734 636 1783 Graeci,
659 1748 745 1774 cum
762 1734 973 1787 significare
994 1734 1157 1782 volunt,
1172 1748 1220 1775 ex
1243 1735 1351 1775 dietis
1371 1736 1518 1789 aliquid
1539 1737 1746 1791 consequi,

469 1788 572 1828 effici
584 1818 593 1834 ,
609 1790 671 1828 vel
683 1789 821 1842 colligi.
836 1788 1068 1829 Desumtum
1083 1790 1132 1828 ab
1147 1790 1412 1837 arithmeticis,
1427 1802 1545 1842 atque
1567 1791 1616 1830 ita
1627 1793 1744 1832 etiam

469 1843 508 1881 h.
522 1843 545 1881 l.
558 1843 700 1882 Vertas
713 1844 826 1896 igitur
841 1844 980 1884 verba:
998 1844 1081 1883 Hoc
1095 1844 1223 1896 quidem
1233 1844 1389 1897 sequitur
1402 1860 1446 1883 ex
1457 1845 1515 1891 iis,
1534 1860 1619 1898 quae
1643 1847 1743 1886 dicis.

469 1897 680 1936 VrrmNG.
694 1898 801 1937 Haec
819 1898 935 1937 verba
950 1910 1148 1951 perperam
1162 1898 1201 1937 in
1216 1900 1321 1951 vulg.
1339 1900 1378 1938 δι
1400 1898 1456 1938 Μ.
1478 1899 1655 1939 Luciano
1677 1901 1745 1940 tri-

469 1951 523 1991 bu
530 1962 646 1991 untur
658 1967 666 1991 :
680 1953 786 2008 qnod
798 1952 840 1991 &
851 1952 998 1992 Marcil.
1014 1953 1175 1999 viderat,
1189 1953 1229 1992 δι
1241 1953 1299 1992 etl.
1314 1953 1342 1991 I.
1356 1952 1572 1993 confirmat.
1581 1953 1745 1996 SOLAN.

525 2009 599 2045 ead.
613 2007 636 2046 l.
654 2020 711 2055 14.
721 2007 787 2045 Ὠιι
800 2006 877 2056 <piar
894 2005 1101 2059 ἄέὑνατον)
1114 2007 1178 2046 An
1197 2007 1236 2057 ἐξ
1254 2002 1321 2055 “51¹3
1335 2006 1506 2047 GUYET.

524 2060 617 2114 Pag.
631 2059 693 2113 89.
711 2061 734 2100 I.
745 2074 782 2111 7.
794 2059 1036 2112 Ὕπερνὶμερον
1050 2059 1068 2112 )
1084 2061 1204 2100 Vocis
1218 2060 1438 2126 ὑπερήμερον
1452 2060 1653 2101 notionem
1669 2061 1743 2102 ele-

470 2126 605 2167 ganter
618 2114 785 2154 declarat
796 2114 886 2153 illud
902 2115 1065 2167 Longini
1079 2113 1104 2153 s.
1122 2129 1184 2164 14,
1199 2116 1267 2155 ubi
1280 2114 1503 2168 ὑπερημερόν
1513 2129 1550 2155 τι
1563 2116 1629 2154 τοῦ
1644 2115 1740 2155 ἱὲίου

466 2170 544 2214 βίου
560 2169 625 2207 καὶ
639 2170 770 2222 χρόνου
784 2167 1036 2222 φθέγξασθαι
1053 2169 1154 2208 reae
1165 2171 1434 2223 interpretatus
1445 2168 1499 2209 est
1514 2182 1564 2209 ex
1582 2169 1742 2210 Cicero-

469 2236 519 2262 ne
535 2223 687 2263 Tollius
700 2254 711 2272 ,
727 2224 828 2262 dicere
851 2223 1005 2276 aliquid,
1018 2226 1110 2276 quod
1123 2238 1191 2262 non
1208 2224 1319 2276 iisdem
1332 2224 1521 2276 regionibus
1533 2225 1739 2274 terminetur,

468 2277 590 2330 quibus
604 2278 697 2316 vitae
714 2276 1000 2331 nostraespatium
1015 2278 1293 2330 circumscriptum
1305 2278 1358 2330 est.
1369 2278 1500 2318 GESN.

523 2334 600 2371 ead.
616 2333 639 2371 l.
655 2331 690 2370 8.
707 2331 917 2384 Ίζεκευτὼν)
930 2331 989 2371 Sic
1004 2331 1114 2384 supra
1133 2343 1167 2370 c.
1182 2333 1245 2380 46.
1260 2333 1335 2371 Hic
1350 2331 1476 2372 rursus
1492 2330 1572 2371 edd.
1587 2330 1617 2370 I.
1635 2333 1685 2372 A.
1701 2345 1715 2370 ι
1727 2361 1737 2372 .

471 2384 526 2422 H.
543 2386 587 2423 P.
599 2388 638 2424 S.
652 2398 747 2438 quas
759 2386 955 2432 consului,
971 2385 1157 2425 τελευτῶν
1171 2386 1344 2428 adverbii
1356 2398 1466 2427 more
1476 2416 1488 2437 ‚
1502 2397 1584 2426 non
1598 2398 1738 2432 τελευε

470 2436 557 2489 τῶν,
572 2449 615 2479 ut
628 2439 723 2480 Bud.
735 2441 772 2480 in
786 2439 1006 2481 Comment.
1020 2439 1164 2480 RHTz.
