1768 3185
194 90 267 138 IN
296 89 508 138 VERAE
543 89 892 138 HISTomAE
928 91 1039 138 Lm.
1075 93 1136 140 11.
1242 97 1335 161 579

60 177 225 235 gebatur
236 179 393 232 ἑτέρους·
415 179 476 219 sed
498 180 618 233 proba
634 179 686 220 est
698 180 871 221 Palmerii
884 181 922 221 ἃ
937 182 1081 232 Vorstii
1094 186 1335 236 emendatio,

62 248 182 288 quam
203 235 243 274 L.
262 233 361 274 Cod.
380 233 585 274 aue'toritiss
606 236 718 274 etiam
741 235 956 274 confirmat.
975 236 1131 276 δοῖ-ΑΝ.
1151 239 1334 290 ‘Enipeus-

61 288 280 341 legendum.
295 288 357 326 LA
372 287 527 327 Cnoze.
541 287 649 340 Quia
665 289 836 341 quinque
853 288 1048 328 dociissimi
1066 293 1160 338 viri,
1177 293 1334 333 palmer.

67 333 196 382 Vorst.
212 340 378 382 solanus
390 372 403 388 ,
417 343 470 381 La
488 341 615 381 Croze
628 342 667 381 δι
683 342 879 382 Gesnerus
892 373 900 388 ,
919 345 954 382 id
969 344 1032 382 vel
1047 346 1265 385 conieciura
1281 347 1337 387 as.

64 394 186 436 secuti
203 394 310 442 sunt,
334 395 397 434 vel
419 396 651 448 praetulere,
675 397 781 448 quod
804 397 940 436 Codex
964 398 1134 449 optimae
1155 412 1269 438 notae
1290 402 1332 440 L.

65 448 274 490 confirmat
286 480 298 497 ,
313 462 392 489 non
412 448 596 490 haesitavi
618 450 655 488 id
668 451 835 502 recipere
850 463 982 490 contra
1001 453 1152 492 turbam
1170 454 1335 494 aliorum

64 504 341 556 exemplarium
356 503 482 542 minus
495 516 580 556 apte
593 502 732 555 ἐτέρους
747 504 965 556 legentium.
982 505 1128 545 Rmz.

120 561 194 596 ead.
208 558 231 596 l.
248 571 307 596 12.
318 556 434 610 Ἀρχὴ
451 555 516 595 τοῦ
533 556 760 610 ποιήματος)
775 559 950 597 imitatus
964 559 1023 598 hic
1039 562 1189 600 videtur
1202 562 1338 602 Lucia⁴

65 622 142 650 nus
154 611 304 650 initium
318 611 506 664 poematis
519 610 738 663 Epigonon,
752 613 797 650 de
809 625 890 665 quo
905 613 1097 653 Bentleius
1112 617 1149 654 in
1162 616 1277 668 Epith
1288 612 1338 656 ad

63 663 125 705 10.
139 664 304 705 Minium
317 678 353 718 p.
367 666 416 704 62
427 695 438 713 ,
451 666 514 717 63.
529 665 590 703 LA
605 665 769 705 CRozE.

63 749 67 752 .
121 720 158 758 in
173 720 287 758 Schol.
300 719 363 758 col.
385 733 419 757 2.
441 720 465 758 l.
479 734 511 770 3.
531 719 797 772 Παράὸεισος)
811 720 867 758 Ex
883 720 1164 770 Xenophonte,
1182 723 1336 764 Polluce

67 771 110 813 &
121 772 174 812 A.
184 772 314 813 Gellio
325 782 465 811 notum
481 771 549 818 est,
563 785 703 811 vocem
720 773 816 813 hanc
830 772 902 812 effe
919 773 1116 821 Persicam,
1134 778 1174 814 &
1194 777 1338 830 signifi-

66 839 155 867 care
170 827 376 866 viridarium.
392 826 577 866 Occurrit
588 828 701 865 etiam
715 828 751 865 in
767 827 1003 866 Ecclefiastae
1021 829 1120 868 libro
1137 830 1291 883 scripto,
1306 831 1336 871 fi

68 881 160 920 viris
173 881 295 921 doffis
307 880 494 920 credimus
505 909 514 926 ‚
530 879 614 931 post
628 882 902 933 captivitatem.
919 881 1045 920 CLER.

126 936 217 986 Pag.
235 933 322 983 284.
333 934 358 975 l.
375 948 411 985 7.
426 933 661 987 Ἐπιμιινῶς)
676 939 812 987 Κινυρος
834 934 900 985 ἤρα
913 936 1027 974 (τολὺν
1042 934 1112 975 ἰὶὃη
1127 936 1254 989 γρόνον
1269 938 1336 980 ⁷52⁴:

67 983 223 1034 ‘Emeum
239 989 303 1026 καὶ
314 984 414 1028 αὕτη
427 987 472 1028 J}
485 987 549 1027 σύν,
561 988 705 1035 ἀφανὴς
714 982 753 1028 ἦν
767 989 955 1038 ἐπιμανῶς
969 982 1170 1043 ἀγαπῶσι),
1182 996 1242 1031 τὸν
1255 1009 1337 1033 νεαι-

67 1043 202 1084 vio-nov.
223 1041 320 1082 Satis
339 1053 442 1082 certe
463 1042 602 1081 usitato
623 1043 805 1095 loquendi
827 1043 944 1082 modo
959 1044 1097 1082 dicitur
1112 1045 1172 1084 hic
1187 1047 1338 1087 Helena

65 1095 265 1147 ἐπιμανῶς
280 1095 496 1149 ἀγαπῶσα.
520 1096 592 1136 Sed
612 1108 703 1136 ecce
722 1095 948 1136 Scholiastes
964 1106 1041 1136 non
1058 1098 1260 1147 ἐπιμανῶς,
1276 1101 1337 1141 sed

69 1150 220 1196 ἐπινῶς,
232 1150 304 1203 legi
320 1150 426 1196 vult,
447 1151 561 1203 idque
575 1150 734 1201 exponit
750 1150 1038 1199 ἑφελκυο-τικῶς,
1053 1153 1189 1191 addens
1207 1154 1338 1194 ἐπινά-

67 1205 142 1257 ζειν
163 1215 298 1244 notare
316 1203 550 1248 ἐφέλκεσθαι.
565 1203 639 1243 Ubi
655 1203 836 1255 ἐπινάζειν
850 1204 938 1242 alibi
954 1217 1156 1252 occurrat,
1176 1209 1336 1258 ignoro;

69 1257 143 1299 nisi
156 1258 231 1298 huc
244 1257 485 1298 referendum
502 1257 547 1297 fit
566 1260 610 1296 -rb
631 1258 826 1310 Ἐπινάξαι
836 1288 849 1304 ,
867 1259 973 1310 quod
985 1253 1202 1310 Hesychius}
1216 1274 1337 1314 expo-

66 1313 150 1361 nit,
164 1311 450 1352 {vimmacum-
471 1314 510 1351 in
522 1313 689 1351 editione
701 1312 803 1350 Flor.
826 1312 960 1364 plane,
982 1314 1036 1351 uti
1059 1315 1143 1353 vult
1162 1316 1338 1356 Scholia-

68 1366 142 1406 stes
153 1398 165 1416 ‚
179 1366 317 1420 legitur
329 1365 473 1406 ἑπινῶς.
488 1367 616 1406 Habet
630 1379 789 1419 quoque
801 1366 899 1404 hanc
915 1378 1054 1405 vocem
1070 1367 1221 1415 suidas,
1235 1383 1338 1410 eam-

66 1433 148 1476 ‚que
164 1421 436 1472 interpretatur
450 1420 547 1459 λίαν.
562 1420 667 1459 ΙΕΝε.

123 1477 200 1514 ead.
217 1476 241 1514 l.
257 1488 271 1512 1
283 1488 314 1512 1.
329 1474 546 1527 *Αρπόιο-οιι)
570 1474 703 1513 Statim
726 1472 792 1512 ubi
812 1472 964 1526 legitur,
982 1473 1045 1512 καὶ
1060 1473 1108 1514 δὴ
1126 1470 1192 1514 ὑπ’
1212 1475 1340 1528 ἔρωτος

71 1529 139 1569 καὶ
164 1529 390 1590 ἀμηχανίας
408 1527 654 1573 ἐβουλεύσατο
680 1527 696 1566 ὃ
719 1530 860 1577 Κίνυρος
885 1525 1068 1578 ἁρπάσας
1092 1530 1158 1568 τὴν
1177 1529 1339 1577 Ἑλένην,

68 1595 155 1623 non
170 1584 330 1622 dubium
351 1582 443 1620 mihi
459 1581 512 1621 est
525 1614 537 1630 ‚
554 1582 650 1633 quin
665 1581 782 1620 unius
802 1580 977 1620 literulae
997 1583 1210 1622 mutatione
1230 1585 1340 1624 locus

72 1637 135 1677 hic
149 1635 275 1676 sanior
297 1636 399 1676 reddi
414 1634 546 1689 poffit,
571 1635 734 1688 legendo
756 1634 942 1685 ἁρπάσαι·
959 1646 1084 1686 neque
1102 1638 1204 1674 enim
1227 1639 1339 1689 quid-

73 1704 192 1745 quam
203 1722 216 1738 ,
235 1703 317 1744 quo
330 1689 511 1742 ἅρπάσαις
526 1688 716 1734 subsistat,
731 1687 913 1740 sequitur.
927 1686 1032 1726 IENs.
1048 1689 1139 1728 Non
1155 1703 1255 1742 opus
1266 1693 1339 1730 erit

75 1745 292 1785 mutatione
313 1742 425 1784 lensii
436 1774 448 1792 ,
462 1742 491 1782 fi
512 1755 602 1783 cum
618 1742 692 1782 Ms.
707 1742 805 1795 Reg.
826 1754 895 1795 30¹
908 1754 922 1779 1
940 1742 1055 1793 legas,
1071 1741 1255 1794 ἑιρπέισοις
1270 1745 1341 1785 τὴν

75 1800 211 1840 Ἐλένην
224 1797 378 1851 φυγεῖν.

132 1855 207 1892 ead.
223 1853 247 1892 l.
266 1853 323 1892 16.
339 1849 692 1903 KoAa53no-6uev05)
712 1848 814 1888 Flor.
837 1847 1140 1898 κωλυθησόμενος.
1163 1850 1337 1891 Βουῐὶῑ).

69 1906 233 1960 Kome.)
246 1905 306 1946 Sic
317 1906 371 1945 ΓΙ.
386 1905 426 1944 δι
442 1905 532 1944 lunt.
547 1904 628 1943 edd.
643 1902 738 1955 (nisi
751 1903 856 1955 quod
867 1903 904 1940 in
919 1914 1083 1954 utraque
1097 1906 1273 1944 mendose
1286 1907 1340 1946 est

78 1961 180 2014 κολ.)
193 1961 234 2000 &
248 1959 299 2000 sic
310 1959 400 1999 sane
415 1958 612 1998 venustior
624 1956 750 1998 sensus
760 1956 831 2004 est,
846 1969 961 2009 quam
974 1956 1004 1995 fi
1019 1971 1107 1996 cum
1123 1960 1275 2011 reliquis
1288 1961 1340 2000 le-

76 2028 144 2070 gas
157 2013 494 2064 κολασθησόμενος.
507 2012 666 2052 SOLAN.

70 2115 74 2118 ,
136 2070 226 2123 Pag‚
241 2068 330 2120 285.
342 2068 365 2107 l.
383 2083 421 2116 4.
437 2066 680 2105 Μεσονὺκτιον
692 2064 709 2117 )
722 2063 810 2104 Vid.
834 2063 929 2104 hanc
948 2075 1088 2103 vocem
1111 2076 1247 2105 contra
1261 2066 1338 2107 Th.

73 2123 187 2176 Mag.
202 2121 373 2162 affertam
383 2151 394 2169 ,
409 2120 504 2160 infra
517 2121 586 2160 hac
598 2119 674 2172 ipsa
687 2119 778 2157 Ver.
794 2117 886 2157 Hist.
898 2131 931 2157 c.
946 2131 1008 2166 40.
1020 2118 1163 2156 Rmrz.
1321 2136 1323 2138 -

137 2179 211 2216 ead.
227 2176 250 2215 l.
265 2175 302 2214 8.
324 2173 427 2214 Πολὺ
450 2173 706 2227 ἀπέχουσαν)
728 2172 830 2212 Flor.
845 2167 884 2210 οὗ
899 2172 1020 2218 πολὺ,
1038 2172 1135 2211 male
1147 2200 1158 2219 ,
1174 2172 1213 2212 &
1232 2173 1342 2214 aliter

81 2230 226 2284 Interp.
239 2230 412 2270 Bonan.
653 2273 675 2282 Ν

73 2311 76 2314 ·
137 2288 214 2324 ead.
226 2284 250 2323 l.
264 2298 323 2332 14.
339 2283 451 2335 Παρὰ
461 2279 637 2321 τοσοῦτον
653 2279 752 2320 ἦλθον
766 2277 990 2330 διαὲρίινοιι)
1012 2277 1172 2331 Interpr.
1193 2282 1341 2320 Tantum

84 2339 161 2378 viae
172 2341 293 2390 emensi
307 2348 423 2383 erant,
439 2350 478 2375 ut
489 2337 702 2375 elaberentur.
720 2333 967 2372 Reddendum
981 2344 1057 2384 ego
1078 2343 1229 2384 putem:
1257 2337 1343 2374 Tam

82 2408 207 2447 parum
221 2394 360 2440 aberat,
374 2391 456 2444 quin
475 2388 745 2447 elapfilficiffent.
760 2387 817 2427 Ita
839 2385 935 2426 infra
956 2387 1101 2478 23(er
1110 2387 1205 2427 Hist.
1225 2399 1258 2427 c.
1275 2403 1343 2442 43„
