1841 3180
473 182 567 232 492
673 165 1560 218 ‘ANNOTATIONES

472 258 719 300 Philostratus
734 261 859 300 minor
874 259 938 298 lib.
960 273 974 297 1
987 271 1002 298 1
1029 258 1168 299 εἰκόνων
1189 260 1234 300 de
1253 259 1419 300 Pindaro
1441 259 1626 313 prodidit:
1647 258 1689 300 Αἱ
1704 258 1752 300 δὲ

473 313 558 353 εἴσω
571 316 762 364 μέλιτται
777 312 1096 365 περιεργάζοντοιι
1107 317 1150 352 τὸ
1162 314 1332 361 musiov,
1344 316 1626 359 ἐπιβάλλουσαι
1632 317 1682 361 5⁸0
1689 315 1754 364 με’·

473 380 527 415 λι,
538 369 602 407 καὶ
614 371 667 407 τὰ
681 370 811 420 κέντρα
825 368 1063 415 ἀνέλκουσοιι,
1075 366 1153 407 δέει
1168 366 1234 407 τοῦ
1250 368 1552 420 ἐγχειρήματος.
1563 367 1603 419 ἐξ
1613 365 1752 419 Ὓμνίτ-
1805 379 1810 414 3
1837 377 1841 384 ‘

472 435 537 460 του
549 423 664 475 τοῖχοι
684 419 835 469 {inova-1,
855 420 920 460 καὶ
937 424 1016 459 ἀπὸ
1034 420 1108 461 τῶν
1128 421 1295 474 λιπαρῶν
1310 422 1374 460 καὶ
1392 423 1568 472 ἀοιδίμων
1586 421 1752 462 Ἀθηνῶν·

473 475 539 513 καὶ
551 478 634 527 ’γὰρ
647 474 757 514 τοῦτο
775 471 882 525 οἶμαι
900 470 1026 514 αὐτὲις
1039 474 1226 526 ἕνα-τάξαι
1242 474 1428 527 Πινδάρῳ.
1446 477 1547 527 Quae
1562 491 1639 516 vero
1658 477 1754 515 intus
1808 475 1811 482 ¹
1837 510 1841 524 ⁴

473 544 556 581 apes
564 529 652 580 sunt
662 559 672 577 ‚
687 528 851 580 insontem
874 540 995 568 curant
1006 558 1020 575 ,
1035 529 1140 568 labris
1164 529 1228 568 mel
1240 529 1471 581 infundentes,
1483 530 1699 584 aculeosque,
1712 546 1754 570 ne
1830 540 1835 548 ·

470 598 611 635 puerum
625 584 776 630 laedant,
790 584 1034 622 contrahentes.
1048 583 1112 622 Ex
1129 586 1296 636 Hymetto
1305 583 1452 637 fhrtaffe
1465 585 1617 631 veniunt,
1631 585 1666 623 δ’
1676 584 1756 636 pitz-

471 638 595 689 guibus
611 636 797 689 inclitisque
814 637 981 675 Athenis:
998 639 1060 676 lzoc
1071 638 1157 676 enim
1170 636 1296 690 ipsitm,
1305 651 1406 690 puto,
1424 639 1577 678 Pindaro
1589 637 1755 692 instillas:-

462 691 507 742 se
516 705 532 737 ;
547 691 621 730 mel
638 691 816 730 nimirum
832 691 1095 742 Hymettium.
1111 690 1286 731 GRAEV.
1326 691 1452 731 Immo
1471 691 1549 745 ipsa
1561 693 1653 732 haec
1665 705 1757 731 ver-

473 746 533 783 ba.
551 745 604 785 V.
620 756 704 784 not.
721 743 837 785 nostr.
852 746 897 784 ad
915 759 988 797 599
1003 744 1049 785 C.
1070 744 1122 784 D.
1139 745 1280 798 Solan.)
1318 745 1539 798 Symmach.
1553 746 1623 800 Ep.
1641 745 1695 786 111
1707 746 1754 786 ad
1808 771 1810 774 -

473 797 623 839 Auson.
643 799 734 838 Erat
756 799 911 852 quidem
939 799 1001 838 illa
1023 799 1154 839 Achas
1169 798 1306 839 salibus
1321 799 1525 851 conspersa
1547 801 1588 840 δι
1609 800 1755 852 thymo

472 854 648 893 odorata.
660 853 882 894 Terenti-an.
900 853 946 892 de
964 854 1079 892 Metr.
1098 868 1134 906 p.
1149 867 1267 905 2437,
1282 867 1318 892 n.
1333 868 1369 907 9.
1386 854 1539 907 Hemst.)
1554 855 1681 904 Θύμου
1694 867 1755 894 re·

476 907 536 946 &e
548 917 629 947 erat
642 908 680 946 in
694 909 737 946 P.
752 906 842 946 sola.
854 907 897 945 In
912 906 992 960 ipso
1007 908 1060 946 M.
1075 920 1194 960 prave
1207 907 1341 958 Βιυμοῦ.
1361 907 1521 948 SOLAN.
1536 909 1628 949 Non
1646 908 1758 948 dubi-

472 961 579 1010 tavi,
591 961 712 1011 ,θύμου
735 960 928 1013 praeferre
944 961 1146 1014 vulgatae,
1169 974 1268 1014 quae
1286 960 1409 1013 θυμοῦ
1424 963 1609 1009 habebat,
1628 973 1758 1002 verte-

473 1015 617 1069 batque
628 1016 777 1055 animum
791 1016 947 1054 Atticum
955 1015 1116 1068 spiram&
1135 1015 1242 1068 quod
1257 1016 1363 1055 nihili
1384 1015 1457 1064 est,
1473 1016 1515 1056 &
1529 1029 1579 1057 ex
1593 1026 1757 1057 accentu

474 1070 574 1109 male
588 1069 714 1123 pofito
730 1081 875 1109 natum.
900 1070 1074 1109 Herbam
1090 1081 1217 1109 autem
1234 1071 1391 1122 tlzymum
1407 1070 1574 1111 Athenis
1587 1071 1755 1111 multum

472 1124 513 1162 in
528 1123 596 1163 usu
615 1123 723 1164 fuiffe
737 1154 750 1170 ‚
765 1124 841 1164 vid.
858 1123 1054 1163 Scholiast.
1075 1124 1121 1164 ad
1137 1123 1383 1177 Aristophan.
1403 1123 1504 1165 Plut.
1518 1138 1591 1178 253
1608 1125 1650 1166 &
1663 1123 1757 1178 283,

475 1178 577 1230 apud
594 1191 711 1230 quem
725 1179 853 1231 priore
866 1178 956 1218 loco
971 1178 1136 1218 vertitur
1152 1192 1248 1230 cepa,
1262 1179 1303 1219 δι
1318 1191 1530 1232 pauperum
1543 1179 1652 1219 cibus
1670 1177 1757 1218 fuis-

473 1231 511 1271 se
526 1232 574 1271 ab
590 1232 717 1273 Schol.
738 1232 923 1280 traditur;
946 1232 1069 1272 altero
1091 1245 1211 1279 vero,
1224 1234 1375 1286 thymus.
1390 1233 1445 1273 At
1463 1233 1584 1273 herba
1602 1234 1758 1286 thymus,

472 1300 590 1338 quam
603 1287 646 1327 &
658 1287 773 1326 hodie
789 1288 888 1338 tlzym
907 1299 1119 1333 vocamus,
1135 1287 1298 1326 multum
1315 1285 1440 1326 differt
1459 1287 1508 1327 ab
1521 1287 1636 1340 cepis.
1657 1289 1763 1339 Thy-
1810 1302 1817 1339 3
1838 1295 1841 1336 j

475 1357 566 1380 mum
580 1341 738 1381 herbam
755 1340 980 1393 descriptam
994 1342 1070 1381 vid.
1089 1354 1150 1394 ap.
1164 1341 1345 1382 Dioscor.
1356 1342 1399 1381 L.
1415 1341 1468 1381 ΠΙ
1480 1372 1491 1387 ,
1506 1355 1589 1395 cap.
1603 1356 1663 1395 37.
1676 1341 1759 1382 Ubi
1808 1345 1816 1394 Ιξ
1839 1366 1841 1379 .

474 1395 707 1436 Matthiolus
719 1409 800 1436 eam
820 1395 858 1434 δι
874 1395 1026 1436 Graece
1037 1395 1154 1445 ,θύμον
1166 1397 1302 1435 vocari
1314 1406 1423 1435 notat
1434 1425 1444 1439 ‚
1463 1396 1504 1435 δι
1515 1395 1678 1448 figuram
1693 1396 1758 1435 ad-
1810 1435 1815 1453 ι

472 1449 547 1490 dit:
565 1450 611 1489 de
625 1451 726 1503 cepis
742 1463 839 1490 vero
854 1450 907 1488 ibi
919 1450 1024 1488 nihil.
1043 1450 1128 1489 Nec
1140 1449 1226 1488 satis
1239 1450 1392 1503 expedit
1403 1448 1655 1490 differentiam
1665 1479 1679 1496 ,
1694 1450 1760 1489 im·
1808 1465 1816 1501 ις

475 1517 544 1543 mo
556 1503 827 1545 confusionem
837 1503 951 1554 hanc,
964 1503 1120 1544 Salmas.
1132 1505 1178 1544 ad
1188 1503 1306 1544 Solin.
1321 1518 1356 1557 p.
1367 1517 1458 1556 907.
1473 1503 1545 1545 Sed
1558 1517 1669 1556 cepas
1680 1502 1758 1544 for·
1812 1528 1814 1532 -

473 1558 539 1597 san
557 1559 604 1596 ab
617 1558 790 1598 animosa
803 1559 1014 1598 acrimonia
1027 1558 1078 1598 fic
1099 1570 1260 1598 vocatas
1275 1558 1450 1606 coniicit,
1466 1557 1508 1598 &
1524 1571 1612 1599 cum
1631 1557 1758 1611 Hesy-
1811 1560 1816 1570 “

473 1613 564 1652 chio
577 1611 732 1666 aliisque
747 1612 1048 1667 Lex-icographis
1070 1611 1224 1666 fatetur,
1245 1613 1360 1663 δύμον
1374 1612 1486 1666 saepe
1502 1628 1602 1667 cepas
1615 1611 1760 1666 signifi-
1811 1609 1816 1623 '

472 1679 563 1707 care
573 1698 583 1716 ‚
598 1666 660 1707 sed
673 1667 815 1707 radices
828 1667 968 1707 herbae
981 1668 1093 1719 thymi
1105 1665 1185 1707 esui
1203 1668 1350 1720 ineptas
1361 1667 1446 1707 effe.
1469 1667 1554 1721 Ego
1568 1676 1695 1715 tamen
1709 1666 1757 1707 ad
1806 1712 1811 1721 ³

474 1721 632 1760 herbam
649 1720 880 1774 fragrantem
897 1722 1056 1774 thymum
1069 1722 1170 1774 apud
1183 1721 1340 1762 Lucian.
1356 1720 1488 1774 respici
1504 1721 1656 1768 censeo,
1670 1734 1756 1775 quo
1808 1732 1817 1776 ζ

475 1775 584 1814 cibos
601 1777 811 1815 condivere
831 1775 878 1815 ad
891 1775 1044 1828 gustum
1067 1787 1182 1827 atque
1197 1776 1360 1816 odorem
1382 1776 1613 1829 gratiorem,
1632 1776 1757 1816 immo

475 1829 705 1876 acutiorem,
721 1829 786 1869 seu
799 1829 1068 1878 stimulantem,
1085 1842 1130 1869 ac
1145 1828 1302 1870 salivam
1320 1842 1600 1883 provocantem
1611 1860 1625 1877 ,
1640 1829 1759 1870 adeo·
1808 1833 1816 1881 ξ

474 1896 555 1937 que
566 1885 780 1937 appetitum
793 1914 806 1930 ,
817 1896 860 1923 ut
875 1897 1064 1924 vocamus
1075 1913 1085 1930 ‚
1102 1886 1266 1924 cientem
1277 1915 1289 1932 ‚
1305 1897 1386 1937 quo
1400 1884 1610 1924 lectoribus
1628 1883 1759 1924 simili·
1813 1887 1817 1891 ’

473 1949 534 1978 ter
547 1939 779 1979 movendam
793 1938 941 1991 legendi
953 1939 1198 1992 cupiditatem
1211 1937 1390 1992 designat.
1403 1938 1549 1979 Rmz.
1810 1937 1817 1952 ¹

529 1993 609 2031 ibid.
624 1993 833 2045 Κρεπέριος)
845 1993 969 2033 Tacit.
988 1995 1063 2032 An.
1082 2007 1128 2042 14
1142 2024 1153 2041 ,
1171 2005 1206 2046 ς,
1218 1993 1264 2032 de
1277 1994 1355 2033 alio
1366 1993 1518 2045 quidem
1529 2022 1540 2041 ‚
1558 1991 1619 2033 sed
1639 1993 1758 2045 Crepe-

475 2047 565 2086 reius
576 2047 626 2086 ibi
639 2047 829 2095 scribitur,
841 2048 883 2088 &
894 2046 980 2087 sane
995 2048 1033 2086 in
1045 2047 1102 2086 M.
1115 2049 1314 2100 Κρεπέρῃος
1326 2045 1507 2100 scriptum
1518 2045 1582 2087 est.
1595 2046 1758 2088 SOLAN.

474 2102 668 2153 Κρεπέριος
690 2105 986 2154 Καλπουρνιανὸς
1007 2101 1398 2151 Πομπηϊουπολίτης)
1419 2101 1556 2154 Inepte
1576 2101 1756 2150 vertitur,
1810 2115 1815 2147 ς

478 2157 509 2194 C
508 2157 648 2210 reperias
665 2156 871 2208 Calpurnius
887 2156 1040 2206 Pompeii
1052 2157 1152 2202 civis,
1163 2169 1235 2208 pro
1253 2156 1523 2209 Pompeiopolim
1535 2155 1599 2195 vel
1611 2155 1756 2209 Pompe-
1809 2178 1814 2212 3

476 2210 695 2261 iopolitanus.
710 2211 833 2249 Lucas
857 2209 1079 2250 Holstenius
1092 2211 1129 2249 in
1147 2210 1248 2250 notis
1268 2210 1315 2250 ad
1332 2210 1462 2263 Steph.
1483 2209 1530 2250 de
1542 2209 1703 2250 urbibus
1716 2210 1755 2249 in
1809 2230 1816 2262 i

477 2268 897 2305 ΠΟΜΠΗΙΟΝΠΟΛΙΣ.
914 2264 1080 2304 ALMEL.
1098 2264 1224 2316 Quod
1242 2264 1439 2304 Almelov.
1452 2274 1587 2304 monet
1599 2293 1611 2310 ,
1625 2263 1661 2302 id
1679 2263 1759 2303 Mi·
1803 2274 1814 2327 5³

476 2319 573 2370 cylli
592 2318 744 2367 verfio,
770 2331 888 2371 quam
910 2317 1075 2358 Parifina
1097 2320 1155 2359 ed.
1183 2318 1360 2364 exhibet,
1382 2319 1458 2358 iam
1480 2317 1654 2358 habebat.
1680 2316 1758 2357 Pro
1808 2340 1814 2376 ἦ

476 2373 787 2423 Πομπηϊὸνπολις
804 2383 932 2413 autem
946 2373 1257 2423 Πομπιιϊούπολις
1272 2372 1537 2426 reponendum
1551 2372 1622 2412 erit
1638 2371 1676 2410 in
1688 2371 1758 2410 Al·
1805 2378 1816 2432 ξ

478 2427 686 2467 melovenii
700 2438 810 2473 nota,
821 2440 939 2480 quam
954 2427 1006 2466 ita
1019 2427 1203 2473 exhibeo,
1217 2427 1312 2466 utin
1323 2426 1469 2467 Graev.
1480 2426 1538 2465 ed.
1552 2425 1684 2466 exstat.
1698 2424 1757 2465 At
1808 2433 1814 2477 ς

478 2480 689 2533 posteriore
707 2481 826 2522 modo
839 2480 965 2522 scribit
979 2481 1119 2524 Strabo
1133 2481 1176 2521 L.
1196 2480 1291 2531 XII,
1307 2494 1344 2535 p.
1360 2479 1453 2531 841,
1468 2479 1544 2533 (al.
1559 2479 1674 2534 562.)
1691 2478 1759 2525 Era
1809 2483 1815 2522 i

1808 2536 1813 2562 9
