1841 3180
489 150 584 215 7436
697 143 1577 195 ANNoTATloNES

490 238 748 279 meminerant
768 237 926 277 verbor.
943 235 982 273 in
995 235 1142 287 Evang.
1158 235 1250 275 Luc.
1264 235 1393 284 XXII,
1412 250 1478 289 49,
1493 238 1531 276 Εἰ
1546 238 1775 292 πατάξομεν

488 293 524 332 ἐν
533 293 737 346 μαχαι’ρα;
751 292 814 331 vel
829 289 955 330 forsan
970 289 1170 328 hebraismi
1184 289 1354 342 suspe&a
1371 290 1549 332 habuere.
1563 292 1636 332 Sed
1645 295 1773 334 omnis

489 348 626 387 aetatis
641 346 841 399 scriptores
858 343 909 384 fic
928 343 1060 382 locuti.
1080 344 1242 384 Homer.
1261 342 1398 394 Odyff.
1421 349 1472 393 K,
1491 345 1582 399 385,
1601 347 1687 400 Πρὶν
1706 347 1775 387 λὺ-

491 401 611 441 σιω-’ἕ
624 399 789 452 ἑτάρους,
804 398 866 436 καὶ
880 397 913 436 ἐν
927 396 1162 447 ὀφθαλμοῖσιν
1177 396 1347 437 ἰδέσθαι.
1360 397 1547 452 Hippocr.
1560 399 1597 439 S.
1618 415 1655 449 2,
1666 401 1772 454 Aph.

493 456 543 507 36
554 486 567 501 ‚
580 454 625 492 Oi
639 476 682 483 —-
696 455 729 492 ἐν
742 452 830 503 τῇσι
852 451 1109 502 φαρμακείησι
1125 472 1170 479 --
1184 451 1447 503 καθαιρόμενοι.
1459 452 1654 507 Aristoph.
1669 455 1771 496 Plut.

491 508 586 557 487,
605 507 657 546 Ἐν
675 506 773 546 τοῖσι
795 505 921 558 λέγοις
943 504 1227 556 ἀντιλέγοντες.
1241 504 1341 543 Idem
1358 504 1445 544 ibid.
1459 508 1554 559 765,
1574 506 1771 551 ἀνοιδῆσαι

490 561 674 610 βούλομαι
691 582 735 589 -
753 560 788 598 σ’
801 559 834 599 ἑν
845 557 1072 610 κριβανωτῶν
1087 557 1240 609 ὁρμαθῷ,
1253 559 1332 598 volo
1347 571 1376 597 te
1387 560 1612 608 circumdare,
1625 577 1773 603 corona-

489 631 524 654 re
539 613 628 667 (in)
645 626 765 652 catena
776 628 917 666 panum.
932 611 1075 650 Noster
1098 611 1196 650 infra
1213 613 1331 651 Zeux.
1347 625 1380 651 c.
1397 614 1434 661 6,
1449 613 1482 652 ἐν
1495 614 1580 668 χρῷ
1592 616 1640 655 ri
1658 618 1772 670 μητρὶ

487 667 805 720 προσιστάμενοι,
831 667 937 706 colore
950 678 1088 705 matrem
1102 665 1288 716 referentes,
1304 667 1345 707 ἃ
1366 665 1529 720 Philops.
1547 669 1563 719 §
1587 657 1652 723 γὲ,
1672 671 1772 711 ἀνοί-

488 722 562 774 ξας
573 725 618 759 τὸ
636 721 764 770 στόμα
781 721 814 761 ἐν
835 720 959 761 ἔπεσιν
974 718 1090 759 ἑπτα.
1108 719 1258 773 Evang.
1274 721 1413 759 Matth.
1429 722 1621 777 X111,35,
1636 718 1770 778 ἀνοίξω

489 780 533 815 τὸ
548 776 677 825 στόμα
697 775 730 814 ἑν
743 773 997 827 παραβολαῖς.
1011 773 1168 813 Lucian.
1185 775 1324 814 iterum
1339 774 1384 813 de
1400 774 1590 827 Gymnas.
1605 790 1638 817 c.
1655 792 1702 830 19
1715 793 1768 820 m.

488 834 728 882 περιπέττειν
742 833 784 868 τὸ
797 828 968 881 πρᾶγμα
987 827 1020 867 ἐν
1033 826 1110 866 τοῖς
1123 827 1264 880 λόγοις.
1285 828 1483 869 Maittaire
1495 831 1541 870 de
1554 830 1716 873 Diale&
1731 848 1770 886 ρ.

490 898 567 935 300
580 882 604 922 f.
618 896 666 923 ex
680 883 812 923 Tzetz.
826 884 861 922 ἐν
881 897 962 935 αορι
976 882 1041 919 καὶ
1054 882 1154 933 ξίφει
1166 883 1317 932 τέμνων.
1332 883 1390 922 lta
1401 883 1444 922 &
1458 884 1521 924 ἐπὶ
1533 886 1654 925 modo
1667 888 1771 928 addi-

490 948 571 986 tur,
582 938 701 977 modo
716 937 932 976 omittitur:
950 935 1196 988 Aristophan.
1214 936 1310 975 Plut.
1326 935 1404 976 628
1415 967 1427 982 ‚
1442 937 1529 990 (ζῇν
1540 938 1557 992 )
1570 939 1631 979 ἐπ’
1643 941 1771 994 371171‘-

488 1006 594 1032 στοις
614 991 806 1042 ἀλφίτοις,
825 989 981 1044 prorsus
998 1001 1042 1028 ut
1058 989 1131 1029 Ev.
1150 990 1245 1030 Luc.
1267 989 1340 1039 IV,
1359 987 1544 1043 ἅνθρωπος
1562 989 1600 1032 οὗ
1616 992 1770 1045 ζήσεται

491 1046 553 1085 ἐπ’
565 1045 665 1096 ἄρτῳ
682 1045 793 1096 μόνῳ.
806 1045 877 1085 Sed
889 1057 981 1084 ecce
995 1044 1103 1096 plura
1117 1044 1188 1083 alia
1199 1044 1331 1083 similia
1347 1044 1423 1084 iam
1436 1045 1539 1085 dedit
1549 1047 1770 1092 Hemsterh.

488 1100 536 1138 ad
554 1099 655 1139 Dial.
671 1100 791 1138 Mort.
808 1099 900 1139 loco
914 1097 1028 1150 supra
1046 1098 1235 1147 indicato,
1251 1111 1338 1152 pag.
1360 1099 1475 1139 huius
1495 1101 1582 1140 edit.
1602 1115 1674 1155 522
1689 1101 1769 1158 seq.

486 1153 582 1194 Vol.
600 1153 647 1192 ΙΙ.
664 1153 760 1193 Item
780 1153 945 1193 Solanus
958 1152 1047 1190 ibid.
1061 1152 1209 1192 Rmz.
1504 1184 1506 1186 -
1701 1174 1703 1178 v

542 1210 618 1247 ead.
636 1208 661 1246 l.
679 1221 693 1245 1
703 1222 736 1246 2.
757 1207 825 1246 Καὶ
839 1204 971 1259 αὐτον)
988 1205 1127 1245 Abesse
1142 1205 1221 1246 fine
1234 1205 1432 1258 dispendio
1446 1207 1567 1248 videri
1583 1207 1741 1262 possunt
1753 1240 1769 1260 ‚

487 1260 549 1302 sed
562 1262 755 1313 eleganter
771 1260 823 1300 sic
839 1260 970 1314 paffim
985 1259 1179 1313 usurpant.
1197 1261 1259 1300 Ad
1275 1261 1538 1301 Alexandrum
1553 1275 1690 1316 nempe
1705 1279 1777 1305 re-‘

485 1315 609 1369 spicit.
630 1316 787 1355 SOLAN.
809 1315 871 1355 Ad
885 1315 1149 1354 Alexandrum
1171 1314 1327 1367 respici,
1343 1315 1430 1367 quis
1449 1316 1626 1357 dubitet?
1642 1318 1684 1358 &
1698 1316 1767 1360 αὖ..

488 1374 550 1410 τον
564 1370 614 1411 fic
635 1370 805 1423 usurpari
826 1367 1100 1422 pleonastindk,
1123 1370 1207 1422 quis
1229 1368 1368 1409 nescit?
1392 1371 1481 1411 vide
1504 1372 1625 1412 modo
1645 1374 1766 1426 paulo

487 1435 576 1464 ante
587 1454 600 1470 ,
618 1423 632 1462 ὁ
647 1423 829 1469 βασιλεὺς
841 1423 906 1472 ἑὲ,
919 1420 1035 1462 αὐτὸς
1045 1424 1115 1473 μὲν
1131 1425 1205 1463 ὄις.
1220 1423 1368 1463 RE1Tz.

541 1482 614 1517 ead.
628 1479 651 1516 l.
674 1493 685 1515 ι
697 1493 730 1531 3.
741 1476 1132 1530 ὈχέινωνγΌχανονὸ
1145 1476 1211 1518 τῆς
1219 1478 1393 1518 ἀσπίὲος
1405 1477 1576 1533 πόρποιξ.
1592 1479 1768 1534 Ηθΐγεὴᾱ

488 1531 531 1572 &
545 1533 684 1584 interp.
700 1531 894 1584 Aristoph.
908 1532 954 1570 ad
970 1531 1097 1583 Equit.
1114 1531 1289 1572 Boum).

543 1588 580 1625 in
595 1586 710 1625 Schol.
722 1587 784 1625 col.
804 1599 833 1624 1.
847 1587 869 1624 l.
887 1600 920 1625 1.
934 1586 1135 1636 Παροχος)
1153 1586 1217 1624 Ad
1230 1585 1394 1626 verbum
1409 1586 1576 1639 φέροντες
1589 1588 1691 1630 male
1703 1603 1765 1631 re-

485 1640 604 1680 latum
618 1641 692 1680 hoc
706 1640 888 1680 Scholion
902 1640 941 1679 in
953 1639 1075 1679 sedem
1089 1638 1193 1678 suam
1209 1640 1361 1680 retraxi.
1376 1639 1524 1682 ΚΕΗ-Ζ.
1547 1672 1549 1675 -

541 1695 623 1733 ibid.
639 1694 703 1733 col.
719 1709 753 1734 2.
768 1695 792 1734 l.
807 1709 841 1733 2.
854 1693 1002 1747 Δώρων)
1021 1694 1095 1734 Hic
1107 1707 1178 1747 pro
1199 1695 1296 1740 loris,
1308 1695 1459 1741 habenis,
1471 1695 1518 1735 de
1530 1709 1608 1749 qua
1625 1696 1667 1737 δι
1679 1697 1760 1739 aliis

486 1748 675 1788 vocabuli
695 1748 803 1800 λῶρος
823 1747 1038 1801 fignificatt.
1060 1759 1229 1788 meretur
1243 1748 1364 1789 videri
1377 1749 1426 1789 du
1447 1749 1581 1804 Cange
1594 1751 1633 1790 in
1647 1751 1765 1792 Glos-

487 1800 560 1842 sar.
574 1802 936 1843 Graeco-Barbaro.
951 1802 1099 1841 Rmz.

546 1857 636 1910 Pag‚
652 1869 668 1894 1
678 1870 698 1894 2
707 1870 739 1896 1.
753 1857 778 1895 l.
791 1871 828 1904 4.
841 1856 917 1896 Τῶν
930 1855 1055 1895 ὅπλων
1066 1855 1084 1909 )
1097 1855 1211 1908 Quin
1225 1855 1316 1896 illud
1329 1856 1471 1896 indicat
1489 1858 1637 1909 ρὶἑὶυτε
1649 1889 1661 1909 ,
1673 1873 1762 1902 eam

487 1909 562 1950 effe
582 1912 663 1950 vim
686 1910 849 1957 amoris,
877 1920 921 1950 ut
939 1923 989 1950 ex
1010 1911 1163 1950 armatis
1184 1910 1300 1950 etiam
1321 1910 1437 1950 ludos
1457 1910 1660 1954 fibifaciat
1683 1915 1759 1956 &c.

485 1964 614 2005 GESN.

541 2022 615 2059 ead.
628 2020 651 2059 l.
666 2033 704 2070 7.
719 2018 929 2072 Πάρεργον)
945 2017 1031 2070 Qui
1042 2016 1265 2058 suavitatem
1282 2017 1397 2058 huius
1407 2018 1484 2059 loci
1498 2018 1636 2061 sentire
1648 2023 1761 2072 velit,

484 2073 590 2114 illum
605 2087 704 2126 quae
716 2071 787 2112 fint
799 2075 980 2126 πάρεργα
995 2072 1187 2125 ρὶὲὶοτιιιῃ
1200 2073 1375 2125 cogitare
1387 2083 1560 2126 oportet,
1576 2074 1760 2130 descripta

483 2128 573 2167 satis
587 2141 608 2167 a
623 2128 736 2167 Iunio
753 2142 789 2180 3,
801 2141 842 2177 7,
856 2140 870 2164 1
881 2140 900 2164 2
911 2140 924 2174 3
935 2139 981 2166 ac
994 2126 1084 2165 illud
1097 2126 1331 2178 προσλαβὼν,
1343 2128 1450 2179 quod
1463 2138 1588 2175 notat,
1604 2142 1757 2182 praeter

482 2182 713 2222 ordinariam
729 2181 860 2233 operis
878 2180 1089 2220 mercedem
1104 2182 1283 2232 accipere
1303 2180 1443 2233 aliquid
1463 2181 1576 2221 inflat
1590 2185 1758 2224 corona-

481 2237 541 2276 rii.
556 2235 645 2275 Rex
660 2235 889 2276 conciliator
904 2235 944 2273 δι
959 2234 1141 2274 (1εάυᾶοτ
1155 2233 1312 2287 sponsae
1330 2233 1395 2275 seu
1409 2237 1533 2275 veteri
1551 2237 1675 2278 verbo
1694 2242 1757 2279 do-

479 2291 634 2330 miducus
646 2290 700 2329 est
713 2288 836 2342 piebis
849 2288 1078 2328 Alexander.
1092 2289 1221 2329 GesN.

534 2347 607 2382 ead.
622 2346 643 2382 l.
664 2357 678 2382 1
693 2343 873 2384 ι,“Ικανῖιν
895 2342 966 2382 τῶν
982 2343 1197 2392 Ὀλυμπίων
1217 2343 1284 2382 τὴν
1305 2339 1517 2395 πανήγυριν
1538 2339 1669 2396 ἧγεῖτο
1687 2345 1756 2385 καὶ

482 2398 716 2449 συγγραφέα
737 2399 962 2447 ὃαυμαστὶν
980 2395 1107 2448 &ficu
1130 2396 1208 2436 τοῖς
1219 2395 1411 2449 “Enna-a)
1435 2396 1545 2436 Verti
1560 2398 1689 2438 videas
1704 2400 1754 2440 ab

479 2449 688 2492 Benedi6to
698 2481 712 2499 ,
739 2451 976 2505 Olywpiorum
998 2451 1213 2491 celebritatem
1237 2450 1389 2491 idoneam
1415 2452 1556 2492 ducebat
1583 2454 1634 2493 ad
1646 2454 1753 2506 fidem
