<?xml version="1.0" encoding="UTF-8"?>
<!DOCTYPE html PUBLIC "-//W3C//DTD XHTML 1.0 Transitional//EN"
    "http://www.w3.org/TR/xhtml1/DTD/xhtml1-transitional.dtd">
<html xmlns="http://www.w3.org/1999/xhtml" xml:lang="en" lang="en">
 <head>
  <title>
</title>
<meta http-equiv="Content-Type" content="text/html;charset=utf-8" />
  <meta name='ocr-system' content='tesseract 3.04.00' />
  <meta name='ocr-capabilities' content='ocr_page ocr_carea ocr_par ocr_line ocrx_word'/>
</head>
<body>
  <div class='ocr_page' id='page_1' title='image "./operagraeceetlat04luciuoft/operagraeceetlat04luciuoft_0523.png"; bbox 0 0 1768 3185; ppageno 0'>
   <div class='ocr_carea' id='block_1_1' title="bbox 117 243 1296 317">
    <p class='ocr_par' dir='ltr' id='par_1_1' title="bbox 117 243 1296 317">
     <span class='ocr_line' id='line_1_1' title="bbox 117 243 1296 317; baseline 0.005 -23"><span class='ocrx_word' id='word_1_1' title='bbox 117 245 190 294; x_wconf 87' lang='lat' dir='ltr'>IN</span> <span class='ocrx_word' id='word_1_2' title='bbox 207 245 551 317; x_wconf 75' lang='lat' dir='ltr'><strong>QUOMODO</strong></span> <span class='ocrx_word' id='word_1_3' title='bbox 569 246 617 292; x_wconf 93' lang='lat' dir='ltr'><strong>H</strong></span> <span class='ocrx_word' id='word_1_4' title='bbox 625 245 731 293; x_wconf 86' lang='lat' dir='ltr'>IST.</span> <span class='ocrx_word' id='word_1_5' title='bbox 753 243 855 292; x_wconf 87' lang='lat' dir='ltr'>SIT</span> <span class='ocrx_word' id='word_1_6' title='bbox 874 245 1139 295; x_wconf 67' lang='lat' dir='ltr'>CONSCR.</span> <span class='ocrx_word' id='word_1_7' title='bbox 1211 267 1296 316; x_wconf 86' lang='lat'>515</span> 
     </span>
    </p>
   </div>
   <div class='ocr_carea' id='block_1_2' title="bbox 0 331 1315 2629">
    <p class='ocr_par' dir='ltr' id='par_1_2' title="bbox 0 331 1315 2629">
     <span class='ocr_line' id='line_1_2' title="bbox 27 331 1304 392; baseline 0.004 -17"><span class='ocrx_word' id='word_1_8' title='bbox 27 344 83 388; x_wconf 75' lang='lat' dir='ltr'>pe</span> <span class='ocrx_word' id='word_1_9' title='bbox 93 347 166 388; x_wconf 88' lang='lat' dir='ltr'>pro</span> <span class='ocrx_word' id='word_1_10' title='bbox 177 331 297 374; x_wconf 69' lang='grc' dir='ltr'><strong>αὑτοῦ</strong></span> <span class='ocrx_word' id='word_1_11' title='bbox 310 334 433 374; x_wconf 86' lang='lat' dir='ltr'>studio</span> <span class='ocrx_word' id='word_1_12' title='bbox 446 335 645 387; x_wconf 76' lang='lat' dir='ltr'>reliquisse,</span> <span class='ocrx_word' id='word_1_13' title='bbox 662 336 713 375; x_wconf 87' lang='lat' dir='ltr'>ait</span> <span class='ocrx_word' id='word_1_14' title='bbox 723 367 734 383; x_wconf 87' lang='lat'>,</span> <span class='ocrx_word' id='word_1_15' title='bbox 749 336 789 375; x_wconf 87' lang='lat'>&amp;</span> <span class='ocrx_word' id='word_1_16' title='bbox 805 332 923 375; x_wconf 68' lang='grc' dir='ltr'><strong><em>αὖτυῦ</em></strong></span> <span class='ocrx_word' id='word_1_17' title='bbox 938 337 1177 389; x_wconf 84' lang='lat' dir='ltr'>reciprocum</span> <span class='ocrx_word' id='word_1_18' title='bbox 1195 339 1304 392; x_wconf 84' lang='lat' dir='ltr'>saepe</span> 
     </span>
     <span class='ocr_line' id='line_1_3' title="bbox 26 387 1306 443; baseline 0.002 -15"><span class='ocrx_word' id='word_1_19' title='bbox 26 387 126 428; x_wconf 77' lang='lat' dir='ltr'>esse:</span> <span class='ocrx_word' id='word_1_20' title='bbox 140 389 247 441; x_wconf 87' lang='lat' dir='ltr'>quod</span> <span class='ocrx_word' id='word_1_21' title='bbox 261 399 305 427; x_wconf 86' lang='lat' dir='ltr'>ut</span> <span class='ocrx_word' id='word_1_22' title='bbox 318 400 398 427; x_wconf 91' lang='lat' dir='ltr'>non</span> <span class='ocrx_word' id='word_1_23' title='bbox 413 389 557 443; x_wconf 85' lang='lat' dir='ltr'>ubique</span> <span class='ocrx_word' id='word_1_24' title='bbox 569 391 756 437; x_wconf 85' lang='lat' dir='ltr'>concedo,</span> <span class='ocrx_word' id='word_1_25' title='bbox 773 388 871 442; x_wconf 91' lang='lat' dir='ltr'>(non</span> <span class='ocrx_word' id='word_1_26' title='bbox 884 391 1041 429; x_wconf 87' lang='lat' dir='ltr'>credens</span> <span class='ocrx_word' id='word_1_27' title='bbox 1056 387 1171 430; x_wconf 70' lang='grc' dir='ltr'><em>αὐτοῦ</em></span> <span class='ocrx_word' id='word_1_28' title='bbox 1185 394 1224 432; x_wconf 78' lang='lat'>&amp;</span> <span class='ocrx_word' id='word_1_29' title='bbox 1239 393 1306 431; x_wconf 61' lang='grc' dir='ltr'>αὑ-</span> 
     </span>
     <span class='ocr_line' id='line_1_4' title="bbox 29 441 1304 497; baseline 0.002 -15"><span class='ocrx_word' id='word_1_30' title='bbox 29 441 101 482; x_wconf 68' lang='grc' dir='ltr'>τοῦ</span> <span class='ocrx_word' id='word_1_31' title='bbox 114 441 259 494; x_wconf 87' lang='lat' dir='ltr'>semper</span> <span class='ocrx_word' id='word_1_32' title='bbox 275 441 494 494; x_wconf 90' lang='lat' dir='ltr'>promiscue</span> <span class='ocrx_word' id='word_1_33' title='bbox 507 442 688 496; x_wconf 88' lang='lat' dir='ltr'>usurpare</span> <span class='ocrx_word' id='word_1_34' title='bbox 701 443 842 496; x_wconf 89' lang='lat' dir='ltr'>licere)</span> <span class='ocrx_word' id='word_1_35' title='bbox 859 445 910 482; x_wconf 90' lang='lat' dir='ltr'>ita</span> <span class='ocrx_word' id='word_1_36' title='bbox 931 455 1090 497; x_wconf 85' lang='lat' dir='ltr'>propter</span> <span class='ocrx_word' id='word_1_37' title='bbox 1112 447 1304 497; x_wconf 84' lang='lat' dir='ltr'>permulta</span> 
     </span>
     <span class='ocr_line' id='line_1_5' title="bbox 26 496 1306 549; baseline 0.001 -15"><span class='ocrx_word' id='word_1_38' title='bbox 26 496 205 547; x_wconf 83' lang='lat' dir='ltr'>exempla</span> <span class='ocrx_word' id='word_1_39' title='bbox 218 508 297 535; x_wconf 88' lang='lat' dir='ltr'>non</span> <span class='ocrx_word' id='word_1_40' title='bbox 307 498 434 535; x_wconf 84' lang='lat' dir='ltr'>audeo</span> <span class='ocrx_word' id='word_1_41' title='bbox 447 497 590 549; x_wconf 83' lang='lat' dir='ltr'>ubique</span> <span class='ocrx_word' id='word_1_42' title='bbox 607 509 755 549; x_wconf 61' lang='lat' dir='ltr'>negare.</span> <span class='ocrx_word' id='word_1_43' title='bbox 773 509 844 536; x_wconf 90' lang='lat' dir='ltr'>nec</span> <span class='ocrx_word' id='word_1_44' title='bbox 857 498 994 546; x_wconf 86' lang='lat' dir='ltr'>dicere,</span> <span class='ocrx_word' id='word_1_45' title='bbox 1010 500 1138 537; x_wconf 85' lang='lat' dir='ltr'>omnia</span> <span class='ocrx_word' id='word_1_46' title='bbox 1155 512 1306 538; x_wconf 85' lang='lat' dir='ltr'>mutan.</span> 
     </span>
     <span class='ocr_line' id='line_1_6' title="bbox 30 548 1306 604; baseline 0.002 -16"><span class='ocrx_word' id='word_1_47' title='bbox 30 549 78 588; x_wconf 82' lang='lat' dir='ltr'>da</span> <span class='ocrx_word' id='word_1_48' title='bbox 96 548 193 596; x_wconf 81' lang='lat' dir='ltr'>esse,</span> <span class='ocrx_word' id='word_1_49' title='bbox 216 561 315 602; x_wconf 88' lang='lat' dir='ltr'>quae</span> <span class='ocrx_word' id='word_1_50' title='bbox 332 551 363 589; x_wconf 86' lang='lat' dir='ltr'>is</span> <span class='ocrx_word' id='word_1_51' title='bbox 385 551 422 588; x_wconf 91' lang='lat' dir='ltr'>in</span> <span class='ocrx_word' id='word_1_52' title='bbox 438 551 689 596; x_wconf 86' lang='lat' dir='ltr'>membranis,</span> <span class='ocrx_word' id='word_1_53' title='bbox 708 549 750 589; x_wconf 76' lang='grc' dir='ltr'>δι</span> <span class='ocrx_word' id='word_1_54' title='bbox 763 563 864 603; x_wconf 88' lang='lat' dir='ltr'>quae</span> <span class='ocrx_word' id='word_1_55' title='bbox 877 563 946 591; x_wconf 86' lang='lat' dir='ltr'>nos</span> <span class='ocrx_word' id='word_1_56' title='bbox 959 552 996 589; x_wconf 88' lang='lat' dir='ltr'>in</span> <span class='ocrx_word' id='word_1_57' title='bbox 1012 552 1138 604; x_wconf 86' lang='lat' dir='ltr'>priscis</span> <span class='ocrx_word' id='word_1_58' title='bbox 1151 553 1233 591; x_wconf 90' lang='lat' dir='ltr'>edd.</span> <span class='ocrx_word' id='word_1_59' title='bbox 1251 554 1306 592; x_wconf 86' lang='lat' dir='ltr'>in·</span> 
     </span>
     <span class='ocr_line' id='line_1_7' title="bbox 30 603 1315 657; baseline 0.002 -15"><span class='ocrx_word' id='word_1_60' title='bbox 30 604 210 642; x_wconf 82' lang='lat' dir='ltr'>venimus</span> <span class='ocrx_word' id='word_1_61' title='bbox 217 616 231 651; x_wconf 76' lang='lat'>3</span> <span class='ocrx_word' id='word_1_62' title='bbox 243 615 331 642; x_wconf 88' lang='lat' dir='ltr'>cum</span> <span class='ocrx_word' id='word_1_63' title='bbox 343 603 382 642; x_wconf 80' lang='grc' dir='ltr'>δι</span> <span class='ocrx_word' id='word_1_64' title='bbox 394 603 518 642; x_wconf 82' lang='lat' dir='ltr'>Latini</span> <span class='ocrx_word' id='word_1_65' title='bbox 530 604 706 642; x_wconf 83' lang='lat' dir='ltr'>nonnulli</span> <span class='ocrx_word' id='word_1_66' title='bbox 718 604 893 644; x_wconf 59' lang='lat' dir='ltr'>auctores</span> <span class='ocrx_word' id='word_1_67' title='bbox 905 603 1100 644; x_wconf 84' lang='lat' dir='ltr'>discrimen</span> <span class='ocrx_word' id='word_1_68' title='bbox 1115 606 1211 645; x_wconf 84' lang='lat' dir='ltr'>inter</span> <span class='ocrx_word' id='word_1_69' title='bbox 1214 607 1315 657; x_wconf 62' lang='lat' dir='ltr'><em>suus*</em></span> 
     </span>
     <span class='ocr_line' id='line_1_8' title="bbox 27 655 1305 712; baseline 0.003 -17"><span class='ocrx_word' id='word_1_70' title='bbox 27 655 73 696; x_wconf 75' lang='grc' dir='ltr'>δι</span> <span class='ocrx_word' id='word_1_71' title='bbox 86 657 156 696; x_wconf 82' lang='lat' dir='ltr'>eius</span> <span class='ocrx_word' id='word_1_72' title='bbox 173 655 388 710; x_wconf 70' lang='lat' dir='ltr'>negligant,</span> <span class='ocrx_word' id='word_1_73' title='bbox 400 669 442 696; x_wconf 86' lang='lat' dir='ltr'>ut</span> <span class='ocrx_word' id='word_1_74' title='bbox 463 658 503 696; x_wconf 86' lang='lat' dir='ltr'>in</span> <span class='ocrx_word' id='word_1_75' title='bbox 518 657 698 710; x_wconf 82' lang='lat' dir='ltr'>Ambigg.</span> <span class='ocrx_word' id='word_1_76' title='bbox 713 659 848 696; x_wconf 79' lang='lat' dir='ltr'>notavi</span> <span class='ocrx_word' id='word_1_77' title='bbox 861 688 869 701; x_wconf 84' lang='lat'>,</span> <span class='ocrx_word' id='word_1_78' title='bbox 883 659 923 696; x_wconf 88' lang='lat'>&amp;</span> <span class='ocrx_word' id='word_1_79' title='bbox 938 659 1045 709; x_wconf 66' lang='lat' dir='ltr'>ipfian</span> <span class='ocrx_word' id='word_1_80' title='bbox 1068 672 1138 710; x_wconf 87' lang='lat' dir='ltr'>pro</span> <span class='ocrx_word' id='word_1_81' title='bbox 1144 659 1184 711; x_wconf 79' lang='lat' dir='ltr'>fi·</span> <span class='ocrx_word' id='word_1_82' title='bbox 1196 672 1305 712; x_wconf 91' lang='lat' dir='ltr'>quo-</span> 
     </span>
     <span class='ocr_line' id='line_1_9' title="bbox 27 710 1305 763; baseline 0.003 -14"><span class='ocrx_word' id='word_1_83' title='bbox 27 723 110 762; x_wconf 87' lang='lat' dir='ltr'>que</span> <span class='ocrx_word' id='word_1_84' title='bbox 121 711 258 750; x_wconf 87' lang='lat' dir='ltr'>dicant.</span> <span class='ocrx_word' id='word_1_85' title='bbox 272 710 497 762; x_wconf 82' lang='lat' dir='ltr'>Diligentiss&#39;.</span> <span class='ocrx_word' id='word_1_86' title='bbox 518 712 556 750; x_wconf 91' lang='lat' dir='ltr'>in</span> <span class='ocrx_word' id='word_1_87' title='bbox 577 711 840 763; x_wconf 82' lang='lat' dir='ltr'>investigandis</span> <span class='ocrx_word' id='word_1_88' title='bbox 852 711 974 751; x_wconf 90' lang='lat' dir='ltr'>Codd.</span> <span class='ocrx_word' id='word_1_89' title='bbox 989 711 1174 760; x_wconf 87' lang='lat' dir='ltr'>Grabius,</span> <span class='ocrx_word' id='word_1_90' title='bbox 1188 715 1305 753; x_wconf 86' lang='lat' dir='ltr'>etiam</span> 
     </span>
     <span class='ocr_line' id='line_1_10' title="bbox 0 760 1304 817; baseline 0.004 -15"><span class='ocrx_word' id='word_1_91' title='bbox 0 764 1 768; x_wconf 74' lang='grc'>’</span> <span class='ocrx_word' id='word_1_92' title='bbox 28 763 71 802; x_wconf 83' lang='lat' dir='ltr'>in</span> <span class='ocrx_word' id='word_1_93' title='bbox 81 765 168 803; x_wconf 92' lang='lat' dir='ltr'>edit.</span> <span class='ocrx_word' id='word_1_94' title='bbox 179 764 378 804; x_wconf 86' lang='lat' dir='ltr'>Vet.Test.</span> <span class='ocrx_word' id='word_1_95' title='bbox 397 764 519 808; x_wconf 80' lang='lat' dir='ltr'>studio</span> <span class='ocrx_word' id='word_1_96' title='bbox 531 764 639 817; x_wconf 84' lang='lat' dir='ltr'>saepe</span> <span class='ocrx_word' id='word_1_97' title='bbox 651 760 768 803; x_wconf 68' lang='grc' dir='ltr'><strong><em>αὐτοῦ</em></strong></span> <span class='ocrx_word' id='word_1_98' title='bbox 781 778 853 817; x_wconf 90' lang='lat' dir='ltr'>pro</span> <span class='ocrx_word' id='word_1_99' title='bbox 866 764 983 803; x_wconf 74' lang='grc' dir='ltr'><strong>αὑτοῦ</strong></span> <span class='ocrx_word' id='word_1_100' title='bbox 997 767 1109 812; x_wconf 84' lang='lat' dir='ltr'>dedit,</span> <span class='ocrx_word' id='word_1_101' title='bbox 1124 777 1166 805; x_wconf 89' lang='lat' dir='ltr'>ut</span> <span class='ocrx_word' id='word_1_102' title='bbox 1179 767 1304 807; x_wconf 83' lang='lat' dir='ltr'>Exod.</span> 
     </span>
     <span class='ocr_line' id='line_1_11' title="bbox 27 814 1305 871; baseline 0.003 -15"><span class='ocrx_word' id='word_1_103' title='bbox 27 815 112 865; x_wconf 87' lang='lat' dir='ltr'>IX,</span> <span class='ocrx_word' id='word_1_104' title='bbox 129 832 191 871; x_wconf 83' lang='lat'>33,</span> <span class='ocrx_word' id='word_1_105' title='bbox 214 816 424 857; x_wconf 65' lang='grc' dir='ltr'>Μωϋσυῖς-</span> <span class='ocrx_word' id='word_1_106' title='bbox 441 818 656 869; x_wconf 59' lang='lat' dir='ltr'>{fimi-tace</span> <span class='ocrx_word' id='word_1_107' title='bbox 678 820 750 857; x_wconf 71' lang='grc' dir='ltr'>τὰς</span> <span class='ocrx_word' id='word_1_108' title='bbox 773 819 913 870; x_wconf 71' lang='grc' dir='ltr'>χεῖρας</span> <span class='ocrx_word' id='word_1_109' title='bbox 937 814 1066 858; x_wconf 68' lang='grc' dir='ltr'>αὐτοῦ.</span> <span class='ocrx_word' id='word_1_110' title='bbox 1088 820 1229 859; x_wconf 85' lang='lat' dir='ltr'>Iterum</span> <span class='ocrx_word' id='word_1_111' title='bbox 1252 820 1305 861; x_wconf 84' lang='lat' dir='ltr'>fic</span> 
     </span>
     <span class='ocr_line' id='line_1_12' title="bbox 30 870 1303 922; baseline 0.002 -12"><span class='ocrx_word' id='word_1_112' title='bbox 30 870 84 916; x_wconf 80' lang='lat' dir='ltr'>X,</span> <span class='ocrx_word' id='word_1_113' title='bbox 99 885 161 910; x_wconf 82' lang='lat'>22.</span> <span class='ocrx_word' id='word_1_114' title='bbox 178 872 271 910; x_wconf 87' lang='lat' dir='ltr'>ltem</span> <span class='ocrx_word' id='word_1_115' title='bbox 283 870 409 910; x_wconf 85' lang='lat' dir='ltr'>Amos</span> <span class='ocrx_word' id='word_1_116' title='bbox 420 884 455 912; x_wconf 89' lang='lat' dir='ltr'>c.</span> <span class='ocrx_word' id='word_1_117' title='bbox 475 872 520 918; x_wconf 83' lang='grc' dir='ltr'>ΙΙ,</span> <span class='ocrx_word' id='word_1_118' title='bbox 537 886 577 920; x_wconf 89' lang='grc'>7,</span> <span class='ocrx_word' id='word_1_119' title='bbox 588 872 687 911; x_wconf 68' lang='grc' dir='ltr'><em>ὅπως</em></span> <span class='ocrx_word' id='word_1_120' title='bbox 698 873 937 917; x_wconf 44' lang='lat' dir='ltr'>&amp;ennea-msa</span> <span class='ocrx_word' id='word_1_121' title='bbox 952 875 992 909; x_wconf 67' lang='lat' dir='ltr'>”rb</span> <span class='ocrx_word' id='word_1_122' title='bbox 1007 873 1124 922; x_wconf 57' lang='grc' dir='ltr'>’ὄνομα</span> <span class='ocrx_word' id='word_1_123' title='bbox 1138 872 1203 913; x_wconf 71' lang='grc' dir='ltr'>τσῦ</span> <span class='ocrx_word' id='word_1_124' title='bbox 1216 872 1303 914; x_wconf 59' lang='lat' dir='ltr'>Tm&amp;</span> 
     </span>
     <span class='ocr_line' id='line_1_13' title="bbox 28 919 1305 974; baseline 0.004 -11"><span class='ocrx_word' id='word_1_125' title='bbox 28 919 173 971; x_wconf 74' lang='grc' dir='ltr'><strong><em>αὖτῶν,</em></strong></span> <span class='ocrx_word' id='word_1_126' title='bbox 195 925 234 964; x_wconf 86' lang='lat'>&amp;</span> <span class='ocrx_word' id='word_1_127' title='bbox 253 939 291 964; x_wconf 90' lang='lat' dir='ltr'>v.</span> <span class='ocrx_word' id='word_1_128' title='bbox 310 924 333 963; x_wconf 87' lang='lat'>8</span> <span class='ocrx_word' id='word_1_129' title='bbox 346 954 358 971; x_wconf 88' lang='lat'>,</span> <span class='ocrx_word' id='word_1_130' title='bbox 383 926 498 965; x_wconf 68' lang='grc' dir='ltr'><em>ἔπινον</em></span> <span class='ocrx_word' id='word_1_131' title='bbox 522 924 557 965; x_wconf 72' lang='grc' dir='ltr'>ἓν</span> <span class='ocrx_word' id='word_1_132' title='bbox 580 925 632 973; x_wconf 69' lang='grc' dir='ltr'>τῷ</span> <span class='ocrx_word' id='word_1_133' title='bbox 653 926 738 974; x_wconf 65' lang='grc' dir='ltr'>οἴκῳ</span> <span class='ocrx_word' id='word_1_134' title='bbox 755 923 821 964; x_wconf 74' lang='grc' dir='ltr'>’τοῦ</span> <span class='ocrx_word' id='word_1_135' title='bbox 840 924 926 966; x_wconf 67' lang='lat' dir='ltr'>535ch</span> <span class='ocrx_word' id='word_1_136' title='bbox 945 922 1079 965; x_wconf 74' lang='grc' dir='ltr'><em>αὗτῶν.</em></span> <span class='ocrx_word' id='word_1_137' title='bbox 1096 926 1166 965; x_wconf 82' lang='lat' dir='ltr'>Sed</span> <span class='ocrx_word' id='word_1_138' title='bbox 1182 928 1305 969; x_wconf 81' lang='lat' dir='ltr'>Exod.</span> 
     </span>
     <span class='ocr_line' id='line_1_14' title="bbox 28 976 1303 1032; baseline 0.002 -14"><span class='ocrx_word' id='word_1_139' title='bbox 28 977 89 1018; x_wconf 81' lang='lat' dir='ltr'>XI</span> <span class='ocrx_word' id='word_1_140' title='bbox 99 1008 108 1023; x_wconf 86' lang='lat'>‚</span> <span class='ocrx_word' id='word_1_141' title='bbox 126 993 163 1032; x_wconf 89' lang='lat'>3,</span> <span class='ocrx_word' id='word_1_142' title='bbox 179 979 276 1017; x_wconf 87' lang='lat' dir='ltr'>idem</span> <span class='ocrx_word' id='word_1_143' title='bbox 292 979 406 1017; x_wconf 80' lang='lat' dir='ltr'>edidit</span> <span class='ocrx_word' id='word_1_144' title='bbox 419 979 537 1031; x_wconf 80' lang='grc' dir='ltr'><strong><em>Κύριος</em></strong></span> <span class='ocrx_word' id='word_1_145' title='bbox 551 978 596 1018; x_wconf 57' lang='grc' dir='ltr'>Σὲ</span> <span class='ocrx_word' id='word_1_146' title='bbox 608 978 722 1018; x_wconf 58' lang='grc' dir='ltr'><em>ἔδωκε</em></span> <span class='ocrx_word' id='word_1_147' title='bbox 736 978 801 1019; x_wconf 71' lang='grc' dir='ltr'>τὴν</span> <span class='ocrx_word' id='word_1_148' title='bbox 813 979 928 1030; x_wconf 74' lang='grc' dir='ltr'><strong><em>χάριν</em></strong></span> <span class='ocrx_word' id='word_1_149' title='bbox 941 976 997 1027; x_wconf 71' lang='grc' dir='ltr'><em>τῷ</em></span> <span class='ocrx_word' id='word_1_150' title='bbox 1010 979 1091 1028; x_wconf 69' lang='grc' dir='ltr'>λαῷ</span> <span class='ocrx_word' id='word_1_151' title='bbox 1105 978 1231 1020; x_wconf 77' lang='grc' dir='ltr'>αὑτοῦ.</span> <span class='ocrx_word' id='word_1_152' title='bbox 1248 982 1303 1021; x_wconf 87' lang='lat' dir='ltr'>Ut</span> 
     </span>
     <span class='ocr_line' id='line_1_15' title="bbox 31 1029 1305 1087; baseline 0.002 -16"><span class='ocrx_word' id='word_1_153' title='bbox 31 1029 215 1072; x_wconf 85' lang='lat' dir='ltr'>sexcenta</span> <span class='ocrx_word' id='word_1_154' title='bbox 230 1032 304 1071; x_wconf 86' lang='lat' dir='ltr'>alia</span> <span class='ocrx_word' id='word_1_155' title='bbox 316 1033 489 1072; x_wconf 88' lang='lat' dir='ltr'>omittam</span> <span class='ocrx_word' id='word_1_156' title='bbox 500 1062 513 1078; x_wconf 92' lang='lat'>,</span> <span class='ocrx_word' id='word_1_157' title='bbox 530 1046 577 1071; x_wconf 84' lang='lat' dir='ltr'>ex</span> <span class='ocrx_word' id='word_1_158' title='bbox 600 1033 740 1085; x_wconf 84' lang='lat' dir='ltr'>quibus</span> <span class='ocrx_word' id='word_1_159' title='bbox 762 1043 929 1086; x_wconf 85' lang='lat' dir='ltr'>pateret,</span> <span class='ocrx_word' id='word_1_160' title='bbox 943 1033 1048 1072; x_wconf 88' lang='lat' dir='ltr'>illum</span> <span class='ocrx_word' id='word_1_161' title='bbox 1069 1033 1216 1087; x_wconf 85' lang='lat' dir='ltr'>saepius</span> <span class='ocrx_word' id='word_1_162' title='bbox 1229 1037 1305 1087; x_wconf 90' lang='lat' dir='ltr'>pri-</span> 
     </span>
     <span class='ocr_line' id='line_1_16' title="bbox 30 1085 1305 1140; baseline 0.004 -17"><span class='ocrx_word' id='word_1_163' title='bbox 30 1097 136 1124; x_wconf 82' lang='lat' dir='ltr'>mam</span> <span class='ocrx_word' id='word_1_164' title='bbox 149 1085 339 1139; x_wconf 82' lang='lat' dir='ltr'>laevigare</span> <span class='ocrx_word' id='word_1_165' title='bbox 350 1116 361 1133; x_wconf 90' lang='lat'>‚</span> <span class='ocrx_word' id='word_1_166' title='bbox 376 1087 444 1125; x_wconf 86' lang='lat' dir='ltr'>ubi</span> <span class='ocrx_word' id='word_1_167' title='bbox 458 1085 639 1139; x_wconf 85' lang='lat' dir='ltr'>adspirata</span> <span class='ocrx_word' id='word_1_168' title='bbox 656 1099 704 1126; x_wconf 85' lang='lat' dir='ltr'>ex</span> <span class='ocrx_word' id='word_1_169' title='bbox 728 1087 937 1139; x_wconf 85' lang='lat' dir='ltr'>praeceptis</span> <span class='ocrx_word' id='word_1_170' title='bbox 951 1086 1222 1127; x_wconf 81' lang='lat' dir='ltr'>Grammaticis</span> <span class='ocrx_word' id='word_1_171' title='bbox 1235 1103 1305 1140; x_wconf 88' lang='lat' dir='ltr'>po-</span> 
     </span>
     <span class='ocr_line' id='line_1_17' title="bbox 30 1138 1304 1193; baseline 0.002 -15"><span class='ocrx_word' id='word_1_172' title='bbox 30 1138 206 1185; x_wconf 84' lang='lat' dir='ltr'>stulatur,</span> <span class='ocrx_word' id='word_1_173' title='bbox 219 1140 259 1178; x_wconf 85' lang='lat'>&amp;</span> <span class='ocrx_word' id='word_1_174' title='bbox 281 1141 404 1179; x_wconf 86' lang='lat' dir='ltr'>rarius</span> <span class='ocrx_word' id='word_1_175' title='bbox 418 1140 668 1192; x_wconf 81' lang='lat' dir='ltr'>adspiratione</span> <span class='ocrx_word' id='word_1_176' title='bbox 684 1142 753 1180; x_wconf 89' lang='lat' dir='ltr'>uti.</span> <span class='ocrx_word' id='word_1_177' title='bbox 775 1141 856 1180; x_wconf 88' lang='lat' dir='ltr'>Ubi</span> <span class='ocrx_word' id='word_1_178' title='bbox 874 1154 971 1179; x_wconf 90' lang='lat' dir='ltr'>vero</span> <span class='ocrx_word' id='word_1_179' title='bbox 995 1142 1040 1180; x_wconf 87' lang='lat' dir='ltr'>ad</span> <span class='ocrx_word' id='word_1_180' title='bbox 1059 1141 1304 1193; x_wconf 76' lang='lat' dir='ltr'>perspicuita-</span> 
     </span>
     <span class='ocr_line' id='line_1_18' title="bbox 31 1192 1303 1248; baseline 0.003 -17"><span class='ocrx_word' id='word_1_181' title='bbox 31 1203 112 1232; x_wconf 74' lang='lat' dir='ltr'>tem</span> <span class='ocrx_word' id='word_1_182' title='bbox 126 1192 252 1233; x_wconf 88' lang='lat' dir='ltr'>sensus</span> <span class='ocrx_word' id='word_1_183' title='bbox 264 1193 427 1241; x_wconf 88' lang='lat' dir='ltr'>interest,</span> <span class='ocrx_word' id='word_1_184' title='bbox 440 1195 493 1232; x_wconf 87' lang='lat' dir='ltr'>ibi</span> <span class='ocrx_word' id='word_1_185' title='bbox 507 1207 581 1246; x_wconf 82' lang='lat' dir='ltr'>ego</span> <span class='ocrx_word' id='word_1_186' title='bbox 596 1206 744 1233; x_wconf 87' lang='lat' dir='ltr'>mutare</span> <span class='ocrx_word' id='word_1_187' title='bbox 753 1207 834 1233; x_wconf 92' lang='lat' dir='ltr'>non</span> <span class='ocrx_word' id='word_1_188' title='bbox 846 1207 1014 1240; x_wconf 87' lang='lat' dir='ltr'>vererer,</span> <span class='ocrx_word' id='word_1_189' title='bbox 1027 1207 1174 1234; x_wconf 81' lang='lat' dir='ltr'>memor</span> <span class='ocrx_word' id='word_1_190' title='bbox 1186 1209 1303 1248; x_wconf 86' lang='lat' dir='ltr'>quam</span> 
     </span>
     <span class='ocr_line' id='line_1_19' title="bbox 25 1244 1304 1302; baseline 0.003 -17"><span class='ocrx_word' id='word_1_191' title='bbox 25 1244 142 1286; x_wconf 70' lang='lat' dir='ltr'>facile</span> <span class='ocrx_word' id='word_1_192' title='bbox 153 1248 190 1285; x_wconf 87' lang='lat' dir='ltr'>in</span> <span class='ocrx_word' id='word_1_193' title='bbox 202 1245 393 1300; x_wconf 85' lang='lat' dir='ltr'>spiritibus</span> <span class='ocrx_word' id='word_1_194' title='bbox 408 1248 602 1287; x_wconf 82' lang='lat' dir='ltr'>aberretur</span> <span class='ocrx_word' id='word_1_195' title='bbox 615 1249 770 1300; x_wconf 86' lang='lat' dir='ltr'>ubique.</span> <span class='ocrx_word' id='word_1_196' title='bbox 783 1247 828 1286; x_wconf 89' lang='lat' dir='ltr'>In</span> <span class='ocrx_word' id='word_1_197' title='bbox 843 1247 963 1287; x_wconf 86' lang='lat' dir='ltr'>dubiis</span> <span class='ocrx_word' id='word_1_198' title='bbox 977 1247 1104 1288; x_wconf 88' lang='lat' dir='ltr'>saltem</span> <span class='ocrx_word' id='word_1_199' title='bbox 1119 1250 1153 1288; x_wconf 89' lang='lat' dir='ltr'>id</span> <span class='ocrx_word' id='word_1_200' title='bbox 1168 1251 1304 1302; x_wconf 80' lang='lat' dir='ltr'>eligen-</span> 
     </span>
     <span class='ocr_line' id='line_1_20' title="bbox 30 1301 1303 1355; baseline 0.003 -16"><span class='ocrx_word' id='word_1_201' title='bbox 30 1301 145 1348; x_wconf 83' lang='lat' dir='ltr'>dum,</span> <span class='ocrx_word' id='word_1_202' title='bbox 160 1301 267 1353; x_wconf 86' lang='lat' dir='ltr'>quod</span> <span class='ocrx_word' id='word_1_203' title='bbox 286 1301 420 1340; x_wconf 84' lang='lat' dir='ltr'>melius</span> <span class='ocrx_word' id='word_1_204' title='bbox 432 1301 502 1340; x_wconf 79' lang='lat' dir='ltr'>est:</span> <span class='ocrx_word' id='word_1_205' title='bbox 519 1314 563 1341; x_wconf 86' lang='lat' dir='ltr'>ac</span> <span class='ocrx_word' id='word_1_206' title='bbox 580 1303 708 1354; x_wconf 85' lang='lat' dir='ltr'>potius</span> <span class='ocrx_word' id='word_1_207' title='bbox 722 1302 772 1341; x_wconf 84' lang='lat' dir='ltr'>fic</span> <span class='ocrx_word' id='word_1_208' title='bbox 786 1302 1023 1341; x_wconf 87' lang='lat' dir='ltr'>statuendum</span> <span class='ocrx_word' id='word_1_209' title='bbox 1037 1333 1048 1351; x_wconf 93' lang='lat'>‚</span> <span class='ocrx_word' id='word_1_210' title='bbox 1066 1303 1153 1355; x_wconf 88' lang='lat' dir='ltr'>quia</span> <span class='ocrx_word' id='word_1_211' title='bbox 1164 1306 1244 1342; x_wconf 85' lang='lat' dir='ltr'>edd.</span> <span class='ocrx_word' id='word_1_212' title='bbox 1262 1303 1303 1343; x_wconf 71' lang='grc' dir='ltr'>δε</span> 
     </span>
     <span class='ocr_line' id='line_1_21' title="bbox 29 1353 1304 1408; baseline 0.002 -14"><span class='ocrx_word' id='word_1_213' title='bbox 29 1353 157 1394; x_wconf 88' lang='lat' dir='ltr'>Codd.</span> <span class='ocrx_word' id='word_1_214' title='bbox 171 1355 210 1393; x_wconf 87' lang='lat' dir='ltr'>in</span> <span class='ocrx_word' id='word_1_215' title='bbox 224 1356 501 1407; x_wconf 87' lang='lat' dir='ltr'>pronominum</span> <span class='ocrx_word' id='word_1_216' title='bbox 515 1354 707 1408; x_wconf 82' lang='lat' dir='ltr'>spiritibus</span> <span class='ocrx_word' id='word_1_217' title='bbox 723 1354 853 1395; x_wconf 87' lang='lat' dir='ltr'>misere</span> <span class='ocrx_word' id='word_1_218' title='bbox 870 1355 1077 1403; x_wconf 67' lang='lat' dir='ltr'>fluffiiant,</span> <span class='ocrx_word' id='word_1_219' title='bbox 1094 1358 1241 1402; x_wconf 85' lang='lat' dir='ltr'>omnia,</span> <span class='ocrx_word' id='word_1_220' title='bbox 1261 1369 1304 1397; x_wconf 87' lang='lat' dir='ltr'>ut</span> 
     </span>
     <span class='ocr_line' id='line_1_22' title="bbox 31 1407 1305 1462; baseline 0.002 -15"><span class='ocrx_word' id='word_1_221' title='bbox 31 1419 95 1447; x_wconf 75' lang='lat' dir='ltr'>res</span> <span class='ocrx_word' id='word_1_222' title='bbox 117 1407 309 1462; x_wconf 85' lang='lat' dir='ltr'>postulat,</span> <span class='ocrx_word' id='word_1_223' title='bbox 331 1411 565 1462; x_wconf 88' lang='lat' dir='ltr'>corrigenda.</span> <span class='ocrx_word' id='word_1_224' title='bbox 586 1410 647 1449; x_wconf 87' lang='lat' dir='ltr'>Sic</span> <span class='ocrx_word' id='word_1_225' title='bbox 668 1422 757 1449; x_wconf 90' lang='lat' dir='ltr'>cum</span> <span class='ocrx_word' id='word_1_226' title='bbox 783 1409 904 1461; x_wconf 85' lang='lat' dir='ltr'>Long.</span> <span class='ocrx_word' id='word_1_227' title='bbox 925 1408 1018 1447; x_wconf 83' lang='lat' dir='ltr'>Past.</span> <span class='ocrx_word' id='word_1_228' title='bbox 1043 1410 1118 1457; x_wconf 88' lang='lat'>111,</span> <span class='ocrx_word' id='word_1_229' title='bbox 1143 1424 1207 1461; x_wconf 87' lang='lat'>97,</span> <span class='ocrx_word' id='word_1_230' title='bbox 1228 1412 1305 1458; x_wconf 87' lang='lat' dir='ltr'>ait,</span> 
     </span>
     <span class='ocr_line' id='line_1_23' title="bbox 32 1459 1306 1516; baseline 0.001 -15"><span class='ocrx_word' id='word_1_231' title='bbox 32 1459 228 1513; x_wconf 64' lang='grc' dir='ltr'>καὶέζῇτει</span> <span class='ocrx_word' id='word_1_232' title='bbox 244 1467 332 1514; x_wconf 68' lang='grc' dir='ltr'><strong><em>πρὸς</em></strong></span> <span class='ocrx_word' id='word_1_233' title='bbox 346 1461 473 1511; x_wconf 60' lang='grc' dir='ltr'>αὑτὸν,</span> <span class='ocrx_word' id='word_1_234' title='bbox 494 1463 512 1501; x_wconf 68' lang='lat'><em>8</em></span> <span class='ocrx_word' id='word_1_235' title='bbox 523 1493 535 1510; x_wconf 93' lang='lat'>‚</span> <span class='ocrx_word' id='word_1_236' title='bbox 556 1477 594 1501; x_wconf 84' lang='grc' dir='ltr'>τι</span> <span class='ocrx_word' id='word_1_237' title='bbox 615 1462 799 1514; x_wconf 64' lang='grc' dir='ltr'>λεχθῆναι</span> <span class='ocrx_word' id='word_1_238' title='bbox 818 1465 1066 1515; x_wconf 61' lang='grc' dir='ltr'>πιθανώτερον,</span> <span class='ocrx_word' id='word_1_239' title='bbox 1084 1465 1239 1502; x_wconf 76' lang='lat' dir='ltr'>deliberat</span> <span class='ocrx_word' id='word_1_240' title='bbox 1245 1465 1306 1516; x_wconf 86' lang='lat' dir='ltr'>se-</span> 
     </span>
     <span class='ocr_line' id='line_1_24' title="bbox 30 1516 1305 1570; baseline 0.002 -14"><span class='ocrx_word' id='word_1_241' title='bbox 30 1530 124 1563; x_wconf 81' lang='lat' dir='ltr'>cum,</span> <span class='ocrx_word' id='word_1_242' title='bbox 133 1517 337 1569; x_wconf 79' lang='lat' dir='ltr'>quidpotius</span> <span class='ocrx_word' id='word_1_243' title='bbox 347 1519 520 1556; x_wconf 80' lang='lat' dir='ltr'>dicendum</span> <span class='ocrx_word' id='word_1_244' title='bbox 533 1517 627 1569; x_wconf 51' lang='lat' dir='ltr'>effe&amp;</span> <span class='ocrx_word' id='word_1_245' title='bbox 643 1516 848 1557; x_wconf 86' lang='lat' dir='ltr'>secundum</span> <span class='ocrx_word' id='word_1_246' title='bbox 863 1517 898 1555; x_wconf 91' lang='lat' dir='ltr'>id</span> <span class='ocrx_word' id='word_1_247' title='bbox 910 1519 1193 1568; x_wconf 83' lang='lat' dir='ltr'>corrigendum,</span> <span class='ocrx_word' id='word_1_248' title='bbox 1207 1531 1305 1570; x_wconf 88' lang='lat' dir='ltr'>quo-</span> 
     </span>
     <span class='ocr_line' id='line_1_25' title="bbox 20 1569 1306 1624; baseline -0.002 -15"><span class='ocrx_word' id='word_1_249' title='bbox 20 1569 104 1609; x_wconf 63' lang='lat' dir='ltr'>ties</span> <span class='ocrx_word' id='word_1_250' title='bbox 117 1569 224 1609; x_wconf 79' lang='lat' dir='ltr'>fimifi</span> <span class='ocrx_word' id='word_1_251' title='bbox 236 1571 273 1610; x_wconf 89' lang='lat' dir='ltr'>in</span> <span class='ocrx_word' id='word_1_252' title='bbox 286 1571 378 1611; x_wconf 87' lang='lat' dir='ltr'>loco</span> <span class='ocrx_word' id='word_1_253' title='bbox 393 1570 490 1610; x_wconf 88' lang='lat' dir='ltr'>male</span> <span class='ocrx_word' id='word_1_254' title='bbox 502 1570 614 1610; x_wconf 57' lang='lat' dir='ltr'>adm</span> <span class='ocrx_word' id='word_1_255' title='bbox 627 1570 842 1624; x_wconf 77' lang='lat' dir='ltr'>expressum</span> <span class='ocrx_word' id='word_1_256' title='bbox 862 1569 1033 1610; x_wconf 88' lang='lat' dir='ltr'>offendas</span> <span class='ocrx_word' id='word_1_257' title='bbox 1044 1601 1056 1617; x_wconf 92' lang='lat'>,</span> <span class='ocrx_word' id='word_1_258' title='bbox 1070 1573 1092 1610; x_wconf 91' lang='lat' dir='ltr'>i.</span> <span class='ocrx_word' id='word_1_259' title='bbox 1103 1584 1137 1610; x_wconf 87' lang='lat' dir='ltr'>e.</span> <span class='ocrx_word' id='word_1_260' title='bbox 1155 1572 1218 1610; x_wconf 89' lang='lat' dir='ltr'>ubi</span> <span class='ocrx_word' id='word_1_261' title='bbox 1240 1585 1306 1624; x_wconf 85' lang='lat' dir='ltr'>pe.</span> 
     </span>
     <span class='ocr_line' id='line_1_26' title="bbox 20 1623 1303 1678; baseline 0.002 -15"><span class='ocrx_word' id='word_1_262' title='bbox 20 1624 196 1664; x_wconf 49' lang='lat' dir='ltr'>*ticulum</span> <span class='ocrx_word' id='word_1_263' title='bbox 218 1623 285 1670; x_wconf 85' lang='lat' dir='ltr'>fit,</span> <span class='ocrx_word' id='word_1_264' title='bbox 299 1637 348 1664; x_wconf 89' lang='lat' dir='ltr'>ne</span> <span class='ocrx_word' id='word_1_265' title='bbox 362 1625 408 1664; x_wconf 90' lang='lat' dir='ltr'>ad</span> <span class='ocrx_word' id='word_1_266' title='bbox 432 1625 566 1671; x_wconf 88' lang='lat' dir='ltr'>aliam,</span> <span class='ocrx_word' id='word_1_267' title='bbox 582 1637 697 1678; x_wconf 86' lang='lat' dir='ltr'>quam</span> <span class='ocrx_word' id='word_1_268' title='bbox 715 1626 842 1671; x_wconf 88' lang='lat' dir='ltr'>decet,</span> <span class='ocrx_word' id='word_1_269' title='bbox 859 1623 1059 1676; x_wconf 84' lang='lat' dir='ltr'>personam</span> <span class='ocrx_word' id='word_1_270' title='bbox 1072 1655 1084 1670; x_wconf 94' lang='lat'>‚</span> <span class='ocrx_word' id='word_1_271' title='bbox 1103 1624 1303 1665; x_wconf 86' lang='lat' dir='ltr'>referatur.</span> 
     </span>
     <span class='ocr_line' id='line_1_27' title="bbox 33 1675 1305 1732; baseline 0 -14"><span class='ocrx_word' id='word_1_272' title='bbox 33 1677 139 1718; x_wconf 87' lang='lat' dir='ltr'>Alibi</span> <span class='ocrx_word' id='word_1_273' title='bbox 152 1678 252 1717; x_wconf 91' lang='lat' dir='ltr'>enim</span> <span class='ocrx_word' id='word_1_274' title='bbox 266 1678 306 1718; x_wconf 79' lang='grc' dir='ltr'>δι</span> <span class='ocrx_word' id='word_1_275' title='bbox 321 1678 420 1732; x_wconf 89' lang='lat' dir='ltr'>apud</span> <span class='ocrx_word' id='word_1_276' title='bbox 432 1679 546 1718; x_wconf 90' lang='lat' dir='ltr'>eund.</span> <span class='ocrx_word' id='word_1_277' title='bbox 562 1678 684 1731; x_wconf 87' lang='lat' dir='ltr'>Long.</span> <span class='ocrx_word' id='word_1_278' title='bbox 700 1675 812 1717; x_wconf 61' lang='lat' dir='ltr'>afim</span> <span class='ocrx_word' id='word_1_279' title='bbox 827 1677 878 1716; x_wconf 82' lang='lat' dir='ltr'>fic</span> <span class='ocrx_word' id='word_1_280' title='bbox 897 1677 1062 1730; x_wconf 78' lang='lat' dir='ltr'>positum</span> <span class='ocrx_word' id='word_1_281' title='bbox 1074 1680 1245 1727; x_wconf 81' lang='lat' dir='ltr'>invenio,</span> <span class='ocrx_word' id='word_1_282' title='bbox 1260 1691 1305 1718; x_wconf 85' lang='lat' dir='ltr'>ut</span> 
     </span>
     <span class='ocr_line' id='line_1_28' title="bbox 22 1727 1306 1786; baseline 0 -14"><span class='ocrx_word' id='word_1_283' title='bbox 22 1731 75 1772; x_wconf 76' lang='lat' dir='ltr'>L.</span> <span class='ocrx_word' id='word_1_284' title='bbox 94 1731 164 1779; x_wconf 87' lang='lat'>111,</span> <span class='ocrx_word' id='word_1_285' title='bbox 180 1746 217 1785; x_wconf 87' lang='lat' dir='ltr'>p.</span> <span class='ocrx_word' id='word_1_286' title='bbox 235 1745 304 1786; x_wconf 87' lang='lat'>105</span> <span class='ocrx_word' id='word_1_287' title='bbox 321 1734 378 1772; x_wconf 89' lang='lat' dir='ltr'>ed.</span> <span class='ocrx_word' id='word_1_288' title='bbox 394 1732 586 1785; x_wconf 87' lang='lat' dir='ltr'>Iungerm.</span> <span class='ocrx_word' id='word_1_289' title='bbox 600 1731 703 1783; x_wconf 74' lang='grc' dir='ltr'><em>ἄρνες</em></span> <span class='ocrx_word' id='word_1_290' title='bbox 715 1732 801 1770; x_wconf 78' lang='grc' dir='ltr'>ταῖς</span> <span class='ocrx_word' id='word_1_291' title='bbox 811 1733 1001 1781; x_wconf 56' lang='lat' dir='ltr'>manaa-w</span> <span class='ocrx_word' id='word_1_292' title='bbox 1014 1727 1306 1772; x_wconf 70' lang='grc' dir='ltr'>ὑποκλέιπιντες</span> 
     </span>
     <span class='ocr_line' id='line_1_29' title="bbox 33 1780 1304 1839; baseline -0.002 -13"><span class='ocrx_word' id='word_1_293' title='bbox 33 1780 185 1833; x_wconf 71' lang='grc' dir='ltr'>αὖτοὺς,</span> <span class='ocrx_word' id='word_1_294' title='bbox 208 1787 291 1838; x_wconf 79' lang='lat' dir='ltr'>agni</span> <span class='ocrx_word' id='word_1_295' title='bbox 313 1787 475 1825; x_wconf 76' lang='lat' dir='ltr'>matribus</span> <span class='ocrx_word' id='word_1_296' title='bbox 497 1784 534 1825; x_wconf 88' lang='lat' dir='ltr'>se</span> <span class='ocrx_word' id='word_1_297' title='bbox 551 1786 813 1839; x_wconf 77' lang='lat' dir='ltr'>ficbstementes,</span> <span class='ocrx_word' id='word_1_298' title='bbox 833 1785 1000 1837; x_wconf 76' lang='lat' dir='ltr'>subnixi,</span> <span class='ocrx_word' id='word_1_299' title='bbox 1025 1788 1074 1823; x_wconf 82' lang='lat' dir='ltr'>ad</span> <span class='ocrx_word' id='word_1_300' title='bbox 1089 1786 1275 1838; x_wconf 69' lang='lat' dir='ltr'>sugendum</span> <span class='ocrx_word' id='word_1_301' title='bbox 1286 1802 1304 1834; x_wconf 84' lang='lat'>,-</span> 
     </span>
     <span class='ocr_line' id='line_1_30' title="bbox 32 1835 1306 1904; baseline 0 -26"><span class='ocrx_word' id='word_1_302' title='bbox 32 1839 141 1904; x_wconf 61' lang='lat' dir='ltr'>quod</span> <span class='ocrx_word' id='word_1_303' title='bbox 156 1840 270 1879; x_wconf 87' lang='lat' dir='ltr'>etiam</span> <span class='ocrx_word' id='word_1_304' title='bbox 294 1840 333 1878; x_wconf 88' lang='lat' dir='ltr'>in</span> <span class='ocrx_word' id='word_1_305' title='bbox 355 1835 492 1879; x_wconf 69' lang='grc' dir='ltr'><strong><em>αὐτοὺς</em></strong></span> <span class='ocrx_word' id='word_1_306' title='bbox 506 1836 731 1879; x_wconf 79' lang='lat' dir='ltr'>mutandum</span> <span class='ocrx_word' id='word_1_307' title='bbox 751 1840 908 1886; x_wconf 84' lang='lat' dir='ltr'>dixeris,</span> <span class='ocrx_word' id='word_1_308' title='bbox 923 1840 1013 1891; x_wconf 88' lang='lat' dir='ltr'>quia</span> <span class='ocrx_word' id='word_1_309' title='bbox 1027 1839 1158 1878; x_wconf 89' lang='lat' dir='ltr'>deinde</span> <span class='ocrx_word' id='word_1_310' title='bbox 1178 1853 1211 1890; x_wconf 91' lang='lat' dir='ltr'>p.</span> <span class='ocrx_word' id='word_1_311' title='bbox 1230 1852 1306 1891; x_wconf 88' lang='lat'>109</span> 
     </span>
     <span class='ocr_line' id='line_1_31' title="bbox 33 1891 1303 1946; baseline 0.001 -15"><span class='ocrx_word' id='word_1_312' title='bbox 33 1892 259 1944; x_wconf 63' lang='grc' dir='ltr'>εγκύψασοι</span> <span class='ocrx_word' id='word_1_313' title='bbox 273 1891 408 1934; x_wconf 70' lang='grc' dir='ltr'>ἑαυτὴν</span> <span class='ocrx_word' id='word_1_314' title='bbox 425 1892 560 1933; x_wconf 83' lang='lat' dir='ltr'>diserte</span> <span class='ocrx_word' id='word_1_315' title='bbox 580 1893 762 1933; x_wconf 85' lang='lat' dir='ltr'>scribitur.</span> <span class='ocrx_word' id='word_1_316' title='bbox 776 1891 891 1932; x_wconf 88' lang='lat' dir='ltr'>Conf.</span> <span class='ocrx_word' id='word_1_317' title='bbox 906 1905 939 1931; x_wconf 91' lang='lat' dir='ltr'>c.</span> <span class='ocrx_word' id='word_1_318' title='bbox 955 1894 978 1931; x_wconf 84' lang='lat'>6</span> <span class='ocrx_word' id='word_1_319' title='bbox 994 1894 1034 1932; x_wconf 67' lang='grc' dir='ltr'>δι</span> <span class='ocrx_word' id='word_1_320' title='bbox 1048 1906 1091 1943; x_wconf 80' lang='lat'>15</span> <span class='ocrx_word' id='word_1_321' title='bbox 1106 1891 1209 1931; x_wconf 83' lang='lat' dir='ltr'>Dial.</span> <span class='ocrx_word' id='word_1_322' title='bbox 1227 1892 1303 1946; x_wconf 79' lang='lat' dir='ltr'>fieq.</span> 
     </span>
     <span class='ocr_line' id='line_1_32' title="bbox 33 1945 960 1987; baseline -0.001 -1"><span class='ocrx_word' id='word_1_323' title='bbox 33 1947 101 1986; x_wconf 83' lang='lat' dir='ltr'>ubi</span> <span class='ocrx_word' id='word_1_324' title='bbox 115 1945 264 1986; x_wconf 87' lang='lat' dir='ltr'>rursum</span> <span class='ocrx_word' id='word_1_325' title='bbox 282 1947 376 1986; x_wconf 84' lang='lat' dir='ltr'>haec</span> <span class='ocrx_word' id='word_1_326' title='bbox 391 1946 601 1987; x_wconf 88' lang='lat' dir='ltr'>differentia</span> <span class='ocrx_word' id='word_1_327' title='bbox 618 1948 801 1986; x_wconf 88' lang='lat' dir='ltr'>occurrit.</span> <span class='ocrx_word' id='word_1_328' title='bbox 814 1946 960 1985; x_wconf 76' lang='lat' dir='ltr'>Rmz.</span> 
     </span>
     <span class='ocr_line' id='line_1_33' title="bbox 2 1996 1304 2053; baseline 0.002 -15"><span class='ocrx_word' id='word_1_329' title='bbox 2 2035 4 2038; x_wconf 92' lang='lat'>.</span> <span class='ocrx_word' id='word_1_330' title='bbox 87 2002 162 2040; x_wconf 86' lang='lat' dir='ltr'>ead.</span> <span class='ocrx_word' id='word_1_331' title='bbox 180 2001 204 2039; x_wconf 90' lang='lat' dir='ltr'>l.</span> <span class='ocrx_word' id='word_1_332' title='bbox 219 2015 256 2050; x_wconf 91' lang='lat'>7.</span> <span class='ocrx_word' id='word_1_333' title='bbox 279 1999 395 2053; x_wconf 62' lang='lat' dir='ltr'>ods‘)</span> <span class='ocrx_word' id='word_1_334' title='bbox 417 1999 563 2053; x_wconf 85' lang='lat' dir='ltr'>(Deest</span> <span class='ocrx_word' id='word_1_335' title='bbox 579 2015 628 2040; x_wconf 84' lang='lat' dir='ltr'>ex</span> <span class='ocrx_word' id='word_1_336' title='bbox 643 2002 714 2041; x_wconf 87' lang='lat' dir='ltr'>Gr.</span> <span class='ocrx_word' id='word_1_337' title='bbox 731 1999 864 2039; x_wconf 64' lang='grc' dir='ltr'>ταῦτα</span> <span class='ocrx_word' id='word_1_338' title='bbox 878 1999 922 2038; x_wconf 56' lang='lat' dir='ltr'>s&amp;</span> <span class='ocrx_word' id='word_1_339' title='bbox 938 1998 1109 2052; x_wconf 68' lang='grc' dir='ltr'>λελέχθω</span> <span class='ocrx_word' id='word_1_340' title='bbox 1133 1997 1217 2049; x_wconf 72' lang='grc' dir='ltr'>ἡμῖν</span> <span class='ocrx_word' id='word_1_341' title='bbox 1238 1996 1304 2040; x_wconf 70' lang='grc' dir='ltr'>οὐκ</span> 
     </span>
     <span class='ocr_line' id='line_1_34' title="bbox 33 2053 618 2106; baseline -0.002 -12"><span class='ocrx_word' id='word_1_342' title='bbox 33 2053 99 2094; x_wconf 67' lang='grc' dir='ltr'>ἰπὶ</span> <span class='ocrx_word' id='word_1_343' title='bbox 112 2053 295 2106; x_wconf 58' lang='lat' dir='ltr'>masupia</span> <span class='ocrx_word' id='word_1_344' title='bbox 305 2057 436 2106; x_wconf 79' lang='grc' dir='ltr'>μέρει.)</span> <span class='ocrx_word' id='word_1_345' title='bbox 452 2056 618 2094; x_wconf 85' lang='lat' dir='ltr'>VORST.</span> 
     </span>
     <span class='ocr_line' id='line_1_35' title="bbox 88 2105 1303 2161; baseline -0.002 -15"><span class='ocrx_word' id='word_1_346' title='bbox 88 2108 168 2147; x_wconf 84' lang='lat' dir='ltr'>ibid.</span> <span class='ocrx_word' id='word_1_347' title='bbox 193 2107 330 2159; x_wconf 75' lang='grc' dir='ltr'><em>Μῶμος</em></span> <span class='ocrx_word' id='word_1_348' title='bbox 345 2108 629 2161; x_wconf 46' lang='lat' dir='ltr'>‘myria-acha)</span> <span class='ocrx_word' id='word_1_349' title='bbox 651 2108 766 2147; x_wconf 87' lang='lat' dir='ltr'>Hunc</span> <span class='ocrx_word' id='word_1_350' title='bbox 791 2107 919 2147; x_wconf 89' lang='lat' dir='ltr'>locum</span> <span class='ocrx_word' id='word_1_351' title='bbox 946 2106 1116 2145; x_wconf 83' lang='lat' dir='ltr'>imitatus</span> <span class='ocrx_word' id='word_1_352' title='bbox 1141 2105 1193 2145; x_wconf 87' lang='lat' dir='ltr'>est</span> <span class='ocrx_word' id='word_1_353' title='bbox 1215 2106 1303 2145; x_wconf 84' lang='lat' dir='ltr'>Ari-</span> 
     </span>
     <span class='ocr_line' id='line_1_36' title="bbox 3 2159 1213 2214; baseline -0.002 -14"><span class='ocrx_word' id='word_1_354' title='bbox 3 2184 5 2190; x_wconf 94' lang='lat'>·</span> <span class='ocrx_word' id='word_1_355' title='bbox 33 2159 153 2201; x_wconf 77' lang='lat' dir='ltr'>staen.</span> <span class='ocrx_word' id='word_1_356' title='bbox 168 2161 238 2214; x_wconf 89' lang='lat' dir='ltr'>Ep.</span> <span class='ocrx_word' id='word_1_357' title='bbox 257 2161 326 2209; x_wconf 90' lang='lat' dir='ltr'>1‚l.</span> <span class='ocrx_word' id='word_1_358' title='bbox 351 2175 383 2208; x_wconf 80' lang='lat' dir='ltr'>x,</span> <span class='ocrx_word' id='word_1_359' title='bbox 399 2175 447 2201; x_wconf 88' lang='lat' dir='ltr'>cx</span> <span class='ocrx_word' id='word_1_360' title='bbox 461 2163 728 2201; x_wconf 87' lang='lat' dir='ltr'>emendatione</span> <span class='ocrx_word' id='word_1_361' title='bbox 743 2159 815 2200; x_wconf 84' lang='lat' dir='ltr'>[os.</span> <span class='ocrx_word' id='word_1_362' title='bbox 837 2160 1018 2200; x_wconf 84' lang='lat' dir='ltr'>Merceri.</span> <span class='ocrx_word' id='word_1_363' title='bbox 1041 2160 1213 2199; x_wconf 85' lang='lat' dir='ltr'>BOURD.</span> 
     </span>
     <span class='ocr_line' id='line_1_37' title="bbox 88 2213 1304 2269; baseline 0 -16"><span class='ocrx_word' id='word_1_364' title='bbox 88 2217 162 2254; x_wconf 84' lang='lat' dir='ltr'>ead.</span> <span class='ocrx_word' id='word_1_365' title='bbox 174 2216 199 2254; x_wconf 87' lang='lat' dir='ltr'>l.</span> <span class='ocrx_word' id='word_1_366' title='bbox 214 2216 250 2254; x_wconf 89' lang='lat'>8.</span> <span class='ocrx_word' id='word_1_367' title='bbox 262 2214 575 2269; x_wconf 62' lang='lat' dir='ltr'>Kopvcpmbmu)</span> <span class='ocrx_word' id='word_1_368' title='bbox 591 2214 705 2256; x_wconf 89' lang='lat' dir='ltr'>Conf.</span> <span class='ocrx_word' id='word_1_369' title='bbox 725 2214 820 2254; x_wconf 81' lang='lat' dir='ltr'>infra</span> <span class='ocrx_word' id='word_1_370' title='bbox 834 2215 984 2254; x_wconf 87' lang='lat' dir='ltr'>Soloec.</span> <span class='ocrx_word' id='word_1_371' title='bbox 999 2226 1033 2252; x_wconf 92' lang='lat' dir='ltr'>c.</span> <span class='ocrx_word' id='word_1_372' title='bbox 1051 2228 1086 2265; x_wconf 86' lang='lat'>5,</span> <span class='ocrx_word' id='word_1_373' title='bbox 1099 2213 1169 2251; x_wconf 64' lang='grc' dir='ltr'>τῶν</span> <span class='ocrx_word' id='word_1_374' title='bbox 1189 2213 1304 2262; x_wconf 69' lang='grc' dir='ltr'><strong><em>φίλων</em></strong></span> 
     </span>
     <span class='ocr_line' id='line_1_38' title="bbox 34 2266 1305 2320; baseline -0.002 -13"><span class='ocrx_word' id='word_1_375' title='bbox 34 2266 55 2307; x_wconf 74' lang='grc' dir='ltr'><strong>ὅ</strong></span> <span class='ocrx_word' id='word_1_376' title='bbox 77 2267 373 2320; x_wconf 62' lang='grc' dir='ltr'><strong><em>κορυφαιότοιτος.</em></strong></span> <span class='ocrx_word' id='word_1_377' title='bbox 398 2268 519 2308; x_wconf 87' lang='lat' dir='ltr'>Prave</span> <span class='ocrx_word' id='word_1_378' title='bbox 543 2270 682 2309; x_wconf 88' lang='lat' dir='ltr'>iudicat</span> <span class='ocrx_word' id='word_1_379' title='bbox 701 2269 876 2308; x_wconf 83' lang='lat' dir='ltr'>Thomas</span> <span class='ocrx_word' id='word_1_380' title='bbox 899 2267 1095 2319; x_wconf 78' lang='lat' dir='ltr'>Magister,</span> <span class='ocrx_word' id='word_1_381' title='bbox 1118 2267 1212 2306; x_wconf 86' lang='lat' dir='ltr'>hanc</span> <span class='ocrx_word' id='word_1_382' title='bbox 1231 2279 1305 2305; x_wconf 89' lang='lat' dir='ltr'>vo·</span> 
     </span>
     <span class='ocr_line' id='line_1_39' title="bbox 35 2320 1304 2371; baseline -0.001 -11"><span class='ocrx_word' id='word_1_383' title='bbox 35 2333 123 2361; x_wconf 86' lang='lat' dir='ltr'>cem</span> <span class='ocrx_word' id='word_1_384' title='bbox 142 2322 204 2362; x_wconf 87' lang='lat' dir='ltr'>hic</span> <span class='ocrx_word' id='word_1_385' title='bbox 218 2323 362 2362; x_wconf 88' lang='lat' dir='ltr'>ridiculi</span> <span class='ocrx_word' id='word_1_386' title='bbox 385 2322 496 2362; x_wconf 88' lang='lat' dir='ltr'>causa</span> <span class='ocrx_word' id='word_1_387' title='bbox 511 2323 717 2362; x_wconf 82' lang='lat' dir='ltr'>adhibitam</span> <span class='ocrx_word' id='word_1_388' title='bbox 734 2321 807 2371; x_wconf 77' lang='lat' dir='ltr'>effe</span> <span class='ocrx_word' id='word_1_389' title='bbox 823 2335 846 2361; x_wconf 92' lang='lat' dir='ltr'>a</span> <span class='ocrx_word' id='word_1_390' title='bbox 860 2322 1043 2362; x_wconf 87' lang='lat' dir='ltr'>Luciano.</span> <span class='ocrx_word' id='word_1_391' title='bbox 1057 2320 1154 2360; x_wconf 85' lang='lat' dir='ltr'>Vide</span> <span class='ocrx_word' id='word_1_392' title='bbox 1170 2332 1304 2360; x_wconf 88' lang='lat' dir='ltr'>notam</span> 
     </span>
     <span class='ocr_line' id='line_1_40' title="bbox 35 2374 461 2428; baseline 0 -13"><span class='ocrx_word' id='word_1_393' title='bbox 35 2376 88 2415; x_wconf 77' lang='lat' dir='ltr'>ad</span> <span class='ocrx_word' id='word_1_394' title='bbox 103 2381 192 2416; x_wconf 74' lang='grc' dir='ltr'><strong>Σολ.</strong></span> <span class='ocrx_word' id='word_1_395' title='bbox 209 2389 243 2415; x_wconf 90' lang='lat' dir='ltr'>c.</span> <span class='ocrx_word' id='word_1_396' title='bbox 258 2391 289 2428; x_wconf 89' lang='lat'>5.</span> <span class='ocrx_word' id='word_1_397' title='bbox 303 2374 461 2416; x_wconf 80' lang='lat' dir='ltr'>SOLAN.</span> 
     </span>
     <span class='ocr_line' id='line_1_41' title="bbox 99 2427 1302 2483; baseline -0.001 -15"><span class='ocrx_word' id='word_1_398' title='bbox 99 2429 185 2482; x_wconf 81' lang='lat' dir='ltr'>Pag.</span> <span class='ocrx_word' id='word_1_399' title='bbox 199 2429 285 2483; x_wconf 83' lang='lat'>198.</span> <span class='ocrx_word' id='word_1_400' title='bbox 297 2430 320 2468; x_wconf 88' lang='lat' dir='ltr'>l.</span> <span class='ocrx_word' id='word_1_401' title='bbox 337 2445 372 2470; x_wconf 85' lang='lat'>2.</span> <span class='ocrx_word' id='word_1_402' title='bbox 384 2430 476 2470; x_wconf 68' lang='grc' dir='ltr'>Ἀπὸ</span> <span class='ocrx_word' id='word_1_403' title='bbox 492 2430 728 2482; x_wconf 62' lang='grc' dir='ltr'>κασσιτέρου)</span> <span class='ocrx_word' id='word_1_404' title='bbox 748 2428 851 2469; x_wconf 87' lang='lat' dir='ltr'>Flor.</span> <span class='ocrx_word' id='word_1_405' title='bbox 864 2429 918 2467; x_wconf 71' lang='grc' dir='ltr'>ἐκ.</span> <span class='ocrx_word' id='word_1_406' title='bbox 931 2428 1105 2468; x_wconf 80' lang='lat' dir='ltr'>BOURD.</span> <span class='ocrx_word' id='word_1_407' title='bbox 1119 2428 1179 2466; x_wconf 80' lang='grc' dir='ltr'>Ἐκ.</span> <span class='ocrx_word' id='word_1_408' title='bbox 1192 2427 1248 2467; x_wconf 92' lang='grc' dir='ltr'>Μ.</span> <span class='ocrx_word' id='word_1_409' title='bbox 1259 2427 1302 2467; x_wconf 92' lang='lat' dir='ltr'>L.</span> 
     </span>
     <span class='ocr_line' id='line_1_42' title="bbox 4 2480 1009 2537; baseline -0.001 -15"><span class='ocrx_word' id='word_1_410' title='bbox 4 2496 5 2499; x_wconf 51' lang='lat'>¹</span> <span class='ocrx_word' id='word_1_411' title='bbox 39 2480 82 2522; x_wconf 80' lang='grc' dir='ltr'>δι</span> <span class='ocrx_word' id='word_1_412' title='bbox 95 2482 154 2522; x_wconf 89' lang='lat' dir='ltr'>ed.</span> <span class='ocrx_word' id='word_1_413' title='bbox 167 2483 223 2522; x_wconf 87' lang='lat' dir='ltr'>Fl.</span> <span class='ocrx_word' id='word_1_414' title='bbox 239 2496 312 2537; x_wconf 86' lang='lat' dir='ltr'>pro</span> <span class='ocrx_word' id='word_1_415' title='bbox 326 2485 405 2524; x_wconf 66' lang='grc' dir='ltr'>ἀπὸ</span> <span class='ocrx_word' id='word_1_416' title='bbox 417 2515 429 2532; x_wconf 83' lang='grc'><em>,</em></span> <span class='ocrx_word' id='word_1_417' title='bbox 442 2485 547 2536; x_wconf 90' lang='lat' dir='ltr'>quod</span> <span class='ocrx_word' id='word_1_418' title='bbox 558 2486 593 2523; x_wconf 89' lang='lat' dir='ltr'>in</span> <span class='ocrx_word' id='word_1_419' title='bbox 610 2485 762 2537; x_wconf 90' lang='lat' dir='ltr'>reliquis</span> <span class='ocrx_word' id='word_1_420' title='bbox 773 2483 838 2527; x_wconf 83' lang='lat' dir='ltr'>est.</span> <span class='ocrx_word' id='word_1_421' title='bbox 853 2483 1009 2522; x_wconf 76' lang='lat' dir='ltr'>SoLAN.</span> 
     </span>
     <span class='ocr_line' id='line_1_43' title="bbox 2 2534 1306 2629; baseline -0.001 -54"><span class='ocrx_word' id='word_1_422' title='bbox 2 2550 6 2559; x_wconf 68' lang='lat'><strong>¹</strong></span> <span class='ocrx_word' id='word_1_423' title='bbox 93 2538 170 2576; x_wconf 83' lang='lat' dir='ltr'>ead.</span> <span class='ocrx_word' id='word_1_424' title='bbox 183 2536 208 2576; x_wconf 87' lang='lat' dir='ltr'>l.</span> <span class='ocrx_word' id='word_1_425' title='bbox 219 2536 306 2590; x_wconf 61' lang='lat'>33⁴3</span> <span class='ocrx_word' id='word_1_426' title='bbox 322 2539 400 2579; x_wconf 69' lang='grc' dir='ltr'>ἀπὸ</span> <span class='ocrx_word' id='word_1_427' title='bbox 418 2540 572 2579; x_wconf 78' lang='grc' dir='ltr'><strong><em>Κόνωνος</em></strong></span> <span class='ocrx_word' id='word_1_428' title='bbox 586 2539 769 2591; x_wconf 80' lang='grc' dir='ltr'><strong><em>Τίτορμον,</em></strong></span> <span class='ocrx_word' id='word_1_429' title='bbox 783 2539 802 2580; x_wconf 76' lang='lat' dir='ltr'>ii</span> <span class='ocrx_word' id='word_1_430' title='bbox 818 2538 897 2578; x_wconf 64' lang='grc' dir='ltr'>ἀπὸ</span> <span class='ocrx_word' id='word_1_431' title='bbox 910 2535 1160 2629; x_wconf 54' lang='grc' dir='ltr'><strong><em>Λὲωἰροφίὲου</em></strong></span> <span class='ocrx_word' id='word_1_432' title='bbox 1179 2534 1306 2574; x_wconf 75' lang='grc' dir='ltr'>Μίλω·</span> 
     </span>
     <span class='ocr_line' id='line_1_44' title="bbox 1040 2603 1062 2628; baseline 0 0"><span class='ocrx_word' id='word_1_433' title='bbox 1040 2603 1062 2628; x_wconf 90' lang='lat'>2</span> 
     </span>
    </p>
   </div>
   <div class='ocr_carea' id='block_1_3' title="bbox 0 782 51 3185">
    <p class='ocr_par' dir='ltr' id='par_1_3' title="bbox 0 782 51 3185">
     <span class='ocr_line' id='line_1_45' title="bbox 0 782 7 911; baseline 0 0"><span class='ocrx_word' id='word_1_434' title='bbox 0 782 7 911; x_wconf 95' lang='lat' dir='ltr'>  </span> 
     </span>
     <span class='ocr_line' id='line_1_46' title="bbox 0 911 12 1126; baseline 0 -66"><span class='ocrx_word' id='word_1_435' title='bbox 0 911 12 1126; x_wconf 95' lang='lat' dir='ltr'>   </span> 
     </span>
     <span class='ocr_line' id='line_1_47' title="bbox 0 1126 14 1220; baseline 0 -53"><span class='ocrx_word' id='word_1_436' title='bbox 0 1126 14 1220; x_wconf 95' lang='lat' dir='ltr'>  </span> 
     </span>
     <span class='ocr_line' id='line_1_48' title="bbox 0 1220 19 1501; baseline 0 -170"><span class='ocrx_word' id='word_1_437' title='bbox 0 1220 19 1501; x_wconf 95' lang='lat' dir='ltr'>    </span> 
     </span>
     <span class='ocr_line' id='line_1_49' title="bbox 0 1501 29 1874; baseline 0 0"><span class='ocrx_word' id='word_1_438' title='bbox 0 1501 29 1874; x_wconf 95' lang='lat' dir='ltr'>      </span> 
     </span>
     <span class='ocr_line' id='line_1_50' title="bbox 0 1874 30 1973; baseline 0 0"><span class='ocrx_word' id='word_1_439' title='bbox 0 1874 30 1973; x_wconf 95' lang='lat' dir='ltr'>  </span> 
     </span>
     <span class='ocr_line' id='line_1_51' title="bbox 0 1973 30 2134; baseline 0.133 -3"><span class='ocrx_word' id='word_1_440' title='bbox 0 1973 30 2134; x_wconf 95' lang='lat' dir='ltr'>    </span> 
     </span>
     <span class='ocr_line' id='line_1_52' title="bbox 5 2134 32 2240; baseline 0.444 -9"><span class='ocrx_word' id='word_1_441' title='bbox 5 2134 32 2240; x_wconf 95' lang='lat' dir='ltr'>  </span> 
     </span>
     <span class='ocr_line' id='line_1_53' title="bbox 9 2240 35 2455; baseline 0 -110"><span class='ocrx_word' id='word_1_442' title='bbox 9 2240 35 2455; x_wconf 95' lang='lat' dir='ltr'>   </span> 
     </span>
     <span class='ocr_line' id='line_1_54' title="bbox 14 2455 51 3185; baseline 0 0"><span class='ocrx_word' id='word_1_443' title='bbox 14 2455 51 3185; x_wconf 95' lang='lat' dir='ltr'>  </span> 
     </span>
    </p>
   </div>
  </div>
 </body>
</html>
