1841 3180
447 160 540 215 372
656 136 1526 188 Aix'ixto'rATioNE'S

447 232 752 284 Αεικεὲειιμονίῳ,
771 233 878 271 κατὰ
899 232 1021 280 καιρὶν
1032 228 1102 268 est&
1121 227 1319 280 πρεσβείαν
1335 229 1549 281 ἀφιγμένῳ·
1569 232 1602 269 T
1600 230 1724 269 radidi
1785 243 1790 276 1
1813 232 1841 275 ,ᾖς

448 289 559 341 ipsum
572 286 808 340 (Platonem)
824 284 939 323 Polidi
957 285 1242 328 Lacedaemonio,
1259 283 1317 334 qui
1338 294 1523 335 opportune
1535 284 1665 335 legatus
1677 290 1725 324 ad
1760 328 1762 330 ,
1787 278 1793 361 ἱ
1818 302 1838 331 21

441 343 483 395 fe
495 353 640 381 venerat.
656 340 777 380 Etiam
794 339 843 378 εἰς
859 342 980 388 καιρὶν
1000 337 1142 376 dicunt.
1161 337 1317 382 Alexis,
1333 337 1385 375 εἰς
1404 339 1525 387 καιρὸν
1541 333 1650 378 {inm
1666 339 1723 377 A·-
1769 343 1773 363 ²

449 396 606 449 ristoph.
623 395 660 433 in
676 394 787 432 Pluto
803 404 875 444 pro
891 403 940 430 eo
960 386 1093 443 ὦρικῶς
1107 391 1203 429 dixit
1214 421 1226 439 ‚
1239 390 1346 442 quod
1368 389 1592 430 Scholiastes
1609 392 1724 431 inter·
1767 403 1786 430 ψ

449 460 620 505 pretatur
634 448 741 486 κατὰ
758 445 888 497 καιρόν.
905 445 1012 484 Haec
1032 445 1073 483 L.
1089 444 1170 484 Bos
1189 444 1226 483 in
1243 443 1358 497 Epist.
1378 445 1422 483 ad
1440 443 1558 483 Rom.
1575 457 1606 485 c.
1625 458 1659 498 5,
1678 446 1725 491 6,
1768 471 1770 474 -
1839 464 1841 486 1

446 504 514 557 (p.
533 501 638 555 105.)
653 501 717 540 ubi
730 499 773 539 &
788 500 896 537 κατὰ
909 500 1036 550 καιρὶν
1056 494 1148 549 ὑπὲξ
1169 497 1313 542 ἀσεβῶν
1331 498 1508 537 ἀπέθανε·
1529 511 1645 550 quem
1661 499 1724 538 ad-
1774 540 1775 543 ,

450 556 621 598 eundum
636 553 724 599 effe,
738 554 775 592 in
788 565 908 604 marg.
918 551 1065 592 Graev.
1080 552 1166 591 edit.
1179 562 1383 591 notaverat
1400 551 1720 592 Hemsterhusius.
1776 594 1777 598 ,
1825 572 1841 598 i:

506 611 579 648 ead.
592 611 615 647 l.
635 621 649 646 1
661 620 693 646 1.
705 607 758 647 ’Ev
781 605 831 656 τῇ
856 604 972 657 Οῑτῃ)
990 606 1081 644 Vid.
1099 604 1210 658 supra
1224 618 1306 658 cap.
1322 619 1346 654 7
1361 605 1457 644 med.
1469 605 1616 645 Rmz.

506 664 598 716 Pag.
615 675 671 711 14.
685 663 706 700 l.
719 675 755 709 4.
765 659 914 712 Ἐκεχ.)
924 657 1009 699 Ὅτι
1023 658 1167 699 ὃεῖτᾶς
1179 658 1317 711 χεῖρας
1331 659 1498 714 ἀπέχειν
1508 658 1582 698 τῶν
1599 659 1726 713 ἔργων.
1779 660 1782 704 ᾖ

450 715 623 768 Copiose
637 716 707 755 hac
722 715 767 754 de
781 727 820 753 re
835 713 962 754 Schol.
974 713 1168 765 Aristoph.
1180 713 1226 752 ad
1239 725 1320 765 pac.
1338 713 1510 764 Hesych.
1522 713 1696 753 BouRD.

507 773 580 809 ead.
592 771 615 808 l.
632 764 787 822 5.“O.o·72
802 767 878 821 ἐγὼ
891 767 1044 820 ἀφίημι)
1058 767 1189 806 Verba
1203 766 1290 812 ista,
1307 763 1406 806 ὥστε
1419 767 1499 820 ἐγὼ
1514 767 1651 817 ἀφίημί
1666 783 1725 807 σοι
1778 798 1779 802 ,
1799 775 1802 808 }
1831 809 1835 813 ,

450 823 535 863 *ὅσον
549 823 606 862 ἔτι
621 826 746 862 λοιπὸν
759 821 825 862 τῆς
837 818 939 867 iso-3,
956 820 1087 861 misere
1101 818 1286 860 conversa
1295 831 1410 859 -erant
1425 823 1473 860 ab
1485 819 1701 875 Obsopoeo
1712 835 1725 861 :
1776 836 1803 845 ·’
1828 835 1832 845 ·

453 877 665 917 reddiderat
678 876 777 916 enim
790 907 801 924 ,
815 877 927 928 itaque
938 878 1029 928 quod
1042 875 1202 928 reliquum
1214 877 1256 928 est
1269 875 1397 913 itineris
1409 886 1516 914 tecum
1534 890 1607 914 una
1618 876 1727 926 confi·
1780 874 1783 881 ¹
1802 871 1805 908 ἶ

454 933 541 972 ciam
549 947 566 979 ‚·
584 931 643 971 sed
662 930 834 970 correxit
847 929 1075 970 BenediRus
1087 960 1099 978 ,
1113 939 1284 975 vertens,
1297 943 1399 981 quare
1407 943 1466 982 ego
1481 929 1542 968 tibi
1553 934 1644 983 quod
1651 932 1728 969 viae
1804 956 1805 966 ,

454 987 615 1039 reliquum
629 987 692 1038 est,
707 985 848 1023 remitto.
863 983 1012 1022 Rmrz.

510 1042 583 1079 ead.
596 1040 618 1079 l.
633 1053 670 1090 9.
690 1038 889 1090 Μεγάλης
910 1035 1146 1090 γράμμασι)
1164 1035 1317 1076 Theod.
1339 1036 1540 1077 Marcilius
1562 1036 1609 1077 ad
1631 1031 1730 1079 Pers.
1805 1024 1808 1040 '

452 1092 561 1134 Dico
574 1094 620 1133 ad
634 1092 786 1131 Heliod.
804 1092 977 1131 BouRD.
1807 1131 1809 1141 Ι

513 1149 585 1186 ead.
597 1147 622 1186 l.
639 1159 697 1185 10.
715 1143 766 1185 Οὐ
778 1143 1088 1198 συμφιλοσοφεῖν)
1101 1143 1324 1184 Infinitivus
1336 1143 1489 1196 quidem
1506 1144 1597 1184 loco
1611 1144 1730 1198 impe—
1807 1146 1810 1168 ¹*

453 1202 569 1241 rativi
580 1198 875 1253 frequentiffime
887 1198 1110 1251 usurpatur3
1120 1199 1196 1239 vid.
1207 1197 1333 1237 fratris
1344 1196 1395 1238 G.
1407 1196 1459 1237 O.
1471 1198 1610 1238 Reitzii
1621 1199 1728 1252 Belg.

456 1253 640 1296 Graeciss.
657 1266 741 1306 pag.
758 1253 1006 1306 386.Verum
1017 1253 1081 1292 hic
1093 1264 1173 1292 non
1189 1253 1286 1292 adeo
1299 1252 1508 1304 imperandi
1519 1253 1602 1292 vim
1617 1252 1732 1293 habet

454 1308 518 1348 ille
531 1308 760 1355 infinitivus,
777 1307 838 1346 sed
853 1307 1091 1360 publicandi3
1106 1306 1252 1359 alioqui
1266 1306 1394 1359 potius
1402 1304 1457 1357 μὴ
1473 1306 1731 1358 praemififfet,

455 1376 574 1414 quam
589 1359 639 1402 οὗ.
652 1362 772 1401 Varia
788 1371 916 1400 autem
939 1361 1060 1400 verba
1080 1359 1165 1414 post
1184 1358 1367 1400 eiusmodi
1392 1358 1603 1400 infinitivos
1625 1361 1731 1414 poffe

457 1417 644 1470 suppleri,
659 1415 779 1455 modo
797 1415 895 1456 θέλει
908 1444 918 1462 ,
937 1415 1056 1454 modo
1077 1413 1160 1462 ser,
1185 1414 1304 1454 modo
1320 1412 1523 1465 προσήκει,
1541 1414 1618 1454 vid.
1640 1415 1730 1456 ibid.

456 1471 545 1524 Ego
560 1471 620 1510 hic
633 1469 715 1509 ἐστὶ
728 1469 978 1522 supplendum
992 1469 1173 1516 arbitror,
1187 1480 1230 1508 ut
1242 1467 1311 1518 fit,
1325 1468 1421 1507 hodie
1439 1483 1508 1507 non
1525 1471 1568 1523 est
1576 1469 1732 1522 philoso-
1787 1507 1806 1514 „

453 1525 574 1579 phari,
590 1525 612 1564 i.
629 1537 663 1564 e.
678 1540 745 1563 non
755 1522 910 1576 poffitm:
925 1535 1086 1575 tumque
1106 1521 1292 1577 punEtum
1309 1523 1437 1562 minus
1449 1535 1556 1576 pono
1570 1522 1658 1576 post
1670 1523 1734 1564 λέ-

457 1593 540 1631 ·γον.
555 1578 594 1618 Si
605 1590 703 1618 vero
714 1576 892 1618 infinitiv.
913 1578 1051 1630 pendet
1065 1590 1087 1617 a
1100 1577 1233 1631 λέγον,
1250 1586 1294 1616 ut
1307 1575 1436 1616 versio
1449 1576 1559 1624 vult,
1576 1590 1732 1618 comma

458 1632 795 1673 sufficiet.RE1Tz.
840 1630 841 1633 ’
1456 1640 1464 1646 ·

515 1686 594 1725 ibid.
607 1682 799 1739 Εὐκράτει)
815 1684 916 1725 Male
929 1695 1041 1724 antea
1054 1680 1230 1739 εὖκρέσει.
1249 1685 1424 1724 BOURD.
1441 1684 1506 1725 De
1515 1698 1598 1738 quo
1612 1685 1733 1726 etiam

462 1741 586 1780 multa
598 1741 636 1779 in
650 1738 788 1790 Φιλοψ.
802 1738 944 1779 Forsan
958 1739 1074 1779 etiam
1087 1739 1133 1779 de
1153 1739 1290 1779 eodem
1306 1739 1347 1778 in
1360 1738 1488 1779 Gallo.
1500 1738 1572 1779 Sed
1587 1741 1618 1779 is
1640 1741 1734 1780 mihi
1811 1747 1815 1750 ”

462 1795 559 1834 alius
571 1796 741 1833 Eucrates
755 1793 917 1833 videtur.
931 1793 972 1832 Si
988 1804 1114 1832 tamen
1125 1793 1225 1833 idem
1240 1792 1459 1832 statuendus
1471 1792 1516 1832 fit
1526 1824 1538 1842 ‚
1553 1793 1638 1834 inde
1650 1794 1734 1834 col·
1800 1827 1803 1830 ,

461 1848 580 1901 ligere
601 1847 728 1887 licebit
749 1860 892 1887 nomen
909 1846 1033 1887 Stoici
1051 1847 1175 1893 illius,
1197 1860 1313 1900 quem
1333 1847 1510 1886 audiebat
1529 1848 1735 1888 Hermoti-

463 1915 569 1942 mus:
589 1900 858 1953 Thesmopolis
871 1901 972 1940 enim
990 1902 1064 1941 illic
1084 1911 1323 1941 memoratur
1338 1902 1580 1954 depontanus
1593 1901 1707 1942 senex
1718 1932 1731 1951 ‚

464 1955 633 2008 Micyllo
657 1955 789 1996 odiose
810 1956 995 1995 virtutem
1021 1954 1062 1994 δι
1090 1954 1301 1996 dialefflcas
1330 1954 1557 1995 subtilitates
1585 1956 1732 2009 obgan-
1811 1990 1823 1994 .

463 2012 575 2050 niens
585 2039 599 2056 ‚
613 2010 659 2049 de
673 2022 755 2063 quo
766 2007 899 2049 diserte
914 2009 952 2048 in
968 2013 1085 2050 Mna-5.
1096 2022 1128 2050 c.
1141 2024 1186 2062 33
1204 2010 1244 2050 δι
1262 2024 1322 2063 34.
1334 2009 1445 2049 Alius
1462 2010 1643 2051 Eucrates
1655 2023 1732 2052 me·
1804 2054 1807 2058 ,

464 2074 640 2105 moratur
651 2062 753 2103 Dial.
764 2063 862 2103 Plut.
879 2063 919 2103 &
933 2063 1055 2103 Merc.
1072 2062 1135 2103 seu
1148 2068 1189 2102 N.
1203 2070 1251 2102 Δ.
1266 2064 1319 2103 V.
1333 2063 1491 2103 SOLAn.

518 2121 593 2158 ead.
606 2119 630 2156 l.
647 2130 704 2169 15.
719 2111 812 2170 Οῧν)
826 2117 866 2156 Ρ.
882 2117 920 2156 &
931 2117 975 2157 L.
990 2131 1062 2170 pro
1076 2111 1140 2164 αὖ,
1156 2117 1261 2170 quod
1275 2118 1314 2156 in
1332 2117 1486 2170 reliquis
1495 2116 1559 2157 est.
1571 2117 1731 2161 SOLAN.

521 2174 614 2226 Pag.
629 2185 644 2210 1
658 2183 688 2225 ς.
701 2172 724 2210 I.
741 2186 775 2225 3.
787 2171 1030 2225 Φιλοτησίας)
1042 2170 1192 2212 Confer
1205 2171 1316 2226 supra
1329 2171 1375 2212 de
1385 2172 1506 2212 Mete.
1521 2173 1635 2212 cond.
1647 2186 1732 2227 cap.

467 2226 526 2267 16.
543 2226 701 2266 SOLAN.

516 2282 590 2319 ead.
602 2281 626 2318 l.
641 2292 673 2332 5.
685 2277 831 2331 Ἀριθμῷ
841 2290 986 2331 παραλ.
1003 2280 1057 2318 τὰ
1077 2279 1189 2334 κρέα)
1204 2279 1280 2320 Hic
1296 2279 1417 2320 adhuc
1430 2291 1515 2320 mos
1527 2278 1732 2334 usurpatur

465 2346 488 2372 a
499 2333 712 2385 Theologis
724 2333 990 2374 parisiensibus
1002 2333 1040 2372 in
1056 2332 1289 2374 solemnibus
1307 2334 1577 2374 initiandorum
1594 2336 1732 2374 convi-

467 2388 552 2426 viis.
566 2387 779 2440 Longolius
792 2389 830 2426 in
843 2388 1022 2444 Excerpt.
1035 2387 1152 2441 Apud
1162 2388 1360 2440 Theophr.
1371 2388 1417 2427 de
1430 2387 1514 2426 Eth.
1529 2387 1647 2427 Char.
1659 2393 1732 2429 Πε-

463 2439 496 2501 ρὶ
512 2441 808 2497 ἀναισχυντία.
827 2442 1184 2496 Προσκοιλεσέιμενος
1202 2444 1267 2484 τὸν
1281 2440 1489 2490 ἀκόλουθον,
1507 2439 1635 2485 θοῦνειι
1649 2444 1729 2485 ἀπὶ
1810 2443 1816 2450 “
