1768 3185
133 176 205 222 IN
226 175 568 246 QUOMODO
589 179 752 224 HIST.
769 177 870 224 SIT
888 179 1153 228 CONSCR.
1221 187 1316 247 487

39 265 90 306 ad
105 266 296 307 Herodot.
310 280 346 306 c.
362 282 398 319 5,
413 268 455 307 &-
467 279 555 307 ante
569 279 629 306 me
646 266 860 307 Hemsterh.
874 267 920 306 ad
934 266 1035 306 Dial.
1050 268 1171 308 Mort.
1186 271 1315 312 XXIII

39 317 69 359 f.
84 320 149 359 ubi
169 320 398 371 καθικόμενον
413 321 447 359 ἐν
465 320 513 370 τῖ»
535 320 676 372 ῥέιβὲῳ,
699 333 797 373 quae
808 322 928 361 verba
940 321 1104 361 Solanus
1119 322 1315 365 immerito

40 371 208 426 suspeQa
220 375 348 420 habet,
360 386 489 414 tamen
502 375 562 414 hic
575 375 812 427 aliquantum
828 374 984 427 languet
998 374 1169 415 historia:
1188 377 1316 429 itaque

40 423 91 466 ἑνὶ
115 427 271 477 ἀκοντίῳ
286 429 405 468 unice
417 441 555 468 verum
569 427 643 468 effe
658 428 782 468 statuo
795 459 806 477 ‚
824 429 864 468 δι
881 428 1097 481 recepiffem
1115 429 1292 482 profecto
1303 462 1315 478 ,

39 479 288 522 finur'nerum
304 483 624 535 elephantorum,
643 483 710 535 qui
729 481 904 522 excidiffe
925 483 1091 529 videtur,
1111 483 1247 524 addere
1266 498 1320 539 eit

38 535 173 588 aliquo
185 535 332 576 Codice
346 537 408 575 vel
432 537 597 576 editione
612 535 769 587 poffem.
785 536 924 576 Sensus
941 538 1040 576 enim
1064 537 1232 589 postulat
1243 569 1254 586 ‚
1273 550 1316 578 ut

40 603 111 628 uno
123 590 239 628 iaculo
246 592 364 642 plures
379 591 568 643 elephantes
582 588 710 642 (fimul
720 589 743 642 )
752 590 909 642 traiectſj}
923 590 1068 630 dicatur
1080 591 1315 640 Alexander,

38 654 86 682 ac
100 655 181 683 turn
198 643 367 683 adulatio
385 644 520 691 nimia,
535 656 653 696 quam
667 644 857 683 Lucianus
874 645 1099 697 redarguere
1120 645 1225 692 vult,
1239 645 1315 687 sese

37 697 181 749 prodit,
193 710 295 748 quae
312 699 386 736 iam
402 698 441 736 in
454 697 613 750 vulgata
626 697 788 737 leffione
803 698 906 738 nulla
922 698 994 746 est;
1007 710 1089 737 tum
1104 712 1203 737 vero
1218 700 1316 739 iusta

37 748 248 790 Alexandri
262 763 366 803 patet
378 753 432 790 ira
443 782 456 798 ,
471 765 560 791 cum
575 751 755 792 &aaran
776 752 893 798 adeo,
909 751 990 791 five
1005 752 1207 791 manifesto
1227 753 1315 794 salsa

36 803 111 856 ipfi
122 805 352 845 tribuuntur.
368 805 473 845 Licet
483 806 587 845 enim
603 805 760 858 pluralis
774 805 982 853 ἐλέφαντας
999 804 1168 846 sufficere
1185 808 1313 847 videa-

36 867 118 904 tur,
131 857 172 898 δι
185 859 248 898 vel
263 858 313 898 fic
327 859 443 911 longe
457 859 593 898 melior
606 858 731 898 sensus
744 858 790 898 sit
801 890 813 907 ,
832 873 949 913 quam
968 860 1169 912 vulgatae,
1185 871 1313 901 tamen

36 911 122 951 hiat
139 912 375 965 aliquantum
389 915 531 960 oratio,
547 912 615 951 nifi
629 915 714 951 duos
728 913 793 953 vel
807 925 872 952 tres
885 914 1078 953 addidet-is.
1094 915 1231 962 Miror,
1247 914 1315 955 So—

37 963 133 1006 lano
141 966 234 1006 haec
247 968 284 1006 in
297 979 468 1007 mentemx
486 979 567 1006 non
581 965 744 1013 venisse,
759 968 829 1019 qui
846 979 926 1006 tam
937 967 1098 1007 studiose
1119 967 1214 1008 haec
1226 981 1313 1008 ver.

36 1018 87 1059 ba
102 1020 254 1060 videtur
267 1020 473 1060 excuffiffe.
487 1020 590 1061 Cum
606 1019 731 1060 sensus
744 1019 810 1059 τοῦ
823 1020 870 1060 ἑνὶ
885 1033 961 1060 tam
974 1021 1082 1062 facile
1097 1033 1234 1075 pateat.
1247 1023 1277 1061 F
1279 1037 1313 1062 a·

36 1084 125 1114 teor
136 1075 252 1121 enim,
261 1074 354 1113 nihil
364 1076 461 1115 novi
474 1074 547 1114 effe
560 1073 731 1126 singulos
741 1074 970 1127 elephantos
985 1077 1108 1115 contis
1120 1075 1312 1125 traiectos,

35 1125 99 1166 sed
111 1140 237 1181 parvo
252 1129 378 1168 iaculo
390 1160 401 1177 ‚
417 1128 525 1182 q-uod
539 1128 818 1167 diminutivum
832 1130 995 1168 ἀκοντίου
1008 1141 1132 1175 notat,
1150 1142 1312 1183 unoque

35 1179 119 1221 ἰᾶιι
131 1182 229 1222 duos
239 1182 460 1231 transfixos,
474 1183 547 1223 hoc
559 1194 640 1222 erat
654 1182 983 1222 miraculum.'Em·l
996 1183 1166 1232 κεφαλὴν
1181 1196 1310 1225 autem

37 1233 67 1274 si
81 1248 160 1275 non
179 1237 226 1276 de
246 1237 372 1289 capite
390 1237 497 1283 libri,
519 1249 568 1275 an
585 1237 700 1289 igitur
712 1236 757 1275 de
769 1238 899 1289 capite
914 1236 1084 1277 austoris
1100 1237 1312 1291 intelligen-

35 1289 151 1336 dum,
168 1291 276 1343 quod
287 1290 509 1330 Alexander
522 1301 653 1341 petens
663 1290 800 1329 librum
814 1290 924 1330 fimul
935 1292 972 1330 in
985 1304 1131 1344 aquam*
1141 1293 1310 1344 proiece-

36 1345 86 1382 rit
96 1345 110 1384 ?
121 1344 243 1396 potest
253 1346 353 1384 enim
368 1345 430 1384 ἐπὶ
446 1345 601 1397 intelligi
614 1343 749 1395 versus,
760 1348 829 1392 ad,-
842 1345 891 1384 ita
905 1346 1051 1384 utlibet*
1065 1346 1227 1385 direcius
1237 1363 1311 1386 ver-

29 1398 95 1449 fics
108 1397 277 1438 auc'toris
288 1410 406 1451 caput
417 1430 427 1447 ,
440 1397 507 1438 etsi
520 1412 599 1439 non
614 1398 798 1450 tetigerit,
812 1400 850 1437 in
865 1412 967 1439 mare
979 1399 1024 1438 fit
1038 1400 1238 1450 proiectus.
1255 1402 1308 1440 At

35 1449 200 1504 sequens
212 1451 255 1491 σὲ
265 1452 324 1500 ἓὲ,
336 1453 371 1492 id
385 1466 463 1492 non
475 1453 668 1505 permittit.
681 1452 827 1491 Ritu-z.
841 1452 1113 1493 praeeuntibus
1123 1452 1244 1493 Codd.
1256 1454 1308 1495 G.

36 1505 79 1545 L.
95 1505 137 1545 δι
150 1505 236 1546 Mff.
248 1506 370 1560 Regg.
391 1521 494 1560 2954
507 1506 548 1546 δι
564 1507 666 1559 2956
677 1537 689 1554 ‚
704 1505 961 1559 rescripsimus
972 1506 1031 1546 ἑνί·
1046 1520 1162 1559 quam
1176 1507 1308 1549 1εᾶἰο-

36 1572 126 1599 nem
143 1561 256 1600 etiam
271 1559 422 1601 secutus
436 1559 490 1600 est
504 1561 541 1599 in
554 1559 619 1599 sua
633 1560 789 1599 Luciani
804 1560 979 1600 versione
990 1561 1034 1601 cl.
1048 1561 1091 1600 Β.
1106 1561 1151 1600 de
1162 1562 1258 1601 Ball.

91 1617 165 1653 ead.
184 1615 208 1654 l.
231 1613 268 1655 8.
279 1614 581 1668 Ἀρχιτέκτονος)
604 1613 828 1654 Dinocratis
848 1613 1007 1663 scilicet,
1022 1615 1131 1654 cuius
1155 1615 1307 1656 historia

34 1666 133 1708 scitu
147 1668 272 1721 digna.
283 1669 322 1708 Is
333 1682 422 1709 cum
439 1668 667 1708 Alexandro
679 1667 918 1708 innotescere
937 1680 1093 1721 cuperet
1103 1699 1113 1715 ,
1132 1682 1202 1709 nec
1216 1669 1308 1710 faci-

35 1721 112 1760 lem
131 1723 178 1761 ad
192 1735 282 1762 eum
299 1723 440 1763 aditum
462 1722 646 1775 reperiret
657 1753 669 1770 ,
684 1722 730 1762 ad
744 1722 843 1762 hanc
862 1723 1015 1762 tandem
1034 1734 1154 1762 artem
1169 1723 1307 1764 confu-

37 1775 102 1828 git.
115 1776 268 1816 ΰηᾶυς
282 1777 323 1817 &
334 1789 482 1817 corona
495 1776 660 1829 populea
676 1776 869 1815 redimitus
879 1807 895 1823 ,
908 1776 1048 1829 pellem
1061 1777 1173 1816 etiam
1187 1778 1307 1818 leoni-

36 1842 126 1869 nam
137 1861 149 1877 ,
162 1840 290 1870 cetera
303 1831 447 1877 nudus,
470 1830 605 1870 induit:
621 1842 750 1883 eoque
770 1841 911 1869 ornatu
936 1830 1065 1869 locum
1088 1831 1182 1883 petit
1193 1861 1206 1877 ,
1229 1845 1306 1884 qua

37 1883 263 1924 Alexandro
283 1885 354 1924 iter
368 1884 540 1924 futurum
563 1882 715 1923 sciebat.
738 1884 797 1923 Eo
813 1882 897 1923 viso
912 1883 1032 1923 rident
1051 1884 1230 1931 comites,
1248 1885 1304 1924 A·

36 1938 221 1978 lexander
231 1937 312 1991 ipse
328 1951 443 1978 novo
455 1936 673 1990 spectaculo
684 1937 832 1977 illectus
856 1937 1053 1977 hominem
1077 1937 1304 1990 alloquitur,

37 1992 78 2031 &
94 2005 187 2031 mox
200 1991 363 2045 suscipit.
377 1992 481 2031 Hinc
495 2003 600 2030 tanta
615 1991 690 2030 viri
703 1990 860 2030 fortuna
870 2020 882 2038 ‚
899 2004 1016 2043 quam
1034 2002 1077 2030 ut
1089 1991 1232 2031 aulicae
1245 2006 1304 2032 ar-

37 2055 96 2085 tes
113 2045 431 2092 aedificaverant,
452 2045 503 2084 ita
526 2044 698 2085 adulatio
714 2046 831 2084 nimia
851 2045 985 2085 deinde
1004 2045 1304 2085 subvertit.Vid.

37 2099 268 2140 Vitruvium
284 2101 322 2139 in
335 2098 452 2152 praef.
466 2100 519 2138 At
530 2098 739 2139 Plutarcho
750 2100 945 2150 Stastcrates
956 2099 1061 2138 audit
1071 2129 1083 2147 ‚
1095 2112 1175 2139 non
1186 2100 1303 2139 Dino-

37 2165 163 2200 crates,
176 2167 265 2206 597,
282 2168 316 2193 2.
330 2153 401 2194 Sed
414 2153 636 2193 Dinocratis
648 2154 764 2192 etiam
778 2154 934 2192 nomine
949 2154 1119 2194 occurrit
1133 2166 1195 2206 ap.
1208 2153 1305 2195 plin.

39 2208 82 2248 &
93 2207 316 2254 Strab.VIl,
332 2209 399 2260 qui
412 2207 685 2246 Alexandriam
697 2207 744 2246 ab
756 2220 819 2254 eo,
834 2207 878 2246 ad
893 2206 1118 2259 Chiamydis
1136 2206 1307 2247 formam

38 2260 263 2314 descriptam
287 2261 327 2300 &
351 2262 548 2301 conditam
565 2261 777 2300 memoriae
796 2261 971 2313 prodidit.
987 2262 1194 2300 Vitruvius
1216 2262 1301 2314 qui·

39 2314 195 2355 busdam
209 2329 231 2355 a
246 2315 418 2355 Luciano
438 2315 499 2354 hic
511 2315 669 2368 prolatis
681 2313 904 2369 refragatur.
925 2314 1095 2355 Eandem
1109 2314 1304 2355 historiam

39 2369 157 2408 habes
168 2370 308 2409 iterum
321 2365 354 2409 ὖ.
368 2369 443 2408 Εἱιι.
458 2382 492 2409 c.
508 2383 543 2421 9.
558 2367 716 2408 SOLAN.

95 2423 186 2475 Pag.
203 2437 291 2473 ¹74-
304 2424 330 2461 l.
349 2420 619 2476 ι.Ἐπα,νΘίισ“ῃ)
636 2422 747 2476 Angl.
760 2420 945 2463 ἓπάνθισε.
960 2423 1133 2463 BOURD.
1148 2422 1302 2463 Οἲοντοιι

41 2477 120 2530 γὰρ
141 2475 286 2528 ἄμεινον
309 2474 401 2530 ἕξειν
424 2478 488 2519 τὴν
511 2476 613 2528 ’ό-ῴιν,
638 2478 675 2519 ἢν
700 2477 716 2516 ὁ
739 2477 908 2534 γραφεὺς·
921 2474 1061 2517 αὖτωῖς
1083 2476 1238 2529 ἐρύθημά
1257 2492 1305 2519 τε

930 2531 1066 2580 Hh4
