1841 3180
505 299 597 332 210
807 279 1458 327 LUCIANI

502 372 753 429 πετεσᾶω
732 380 814 427 απ’
836 377 1056 446 Αρμενίας
1075 395 1150 445 μεν
1170 381 1223 431 εἷς
1245 374 1439 434 Μηδίαν,
1466 373 1607 425 ἐκειᾶεν
1626 362 1708 424 δε
1690 394 1770 446 ροι-

504 453 699 522 ζῆματι
688 475 760 506 ενι,
787 454 825 509 ἐς
854 452 1058 522 ΗΙβηριαν,
1092 458 1185 501 εἶτα
1211 452 1250 508 ἐς
1275 451 1466 501 ΗΙταλιαν
1482 487 1494 504 ,
1522 450 1578 507 ὡς
1601 447 1768 519 μηδενος

425 547 476 598 ςῙ
504 529 648 601 καιροῧ
681 532 973 579 ἀπολείποιτο.
1008 525 1244 577 Μάλιστα
1268 518 1313 577 δε
1337 548 1564 597 κατοπτρῳ
1597 527 1772 578 ἐοικυῖαν

503 601 823 695 παρασχέσθω
839 624 908 662 την
928 624 1122 670 γνωμην,
1147 601 1314 683 αθολῳ,
1345 623 1421 653 και
1451 601 1671 672 στιλπνῷ,
1694 625 1772 652 και

507 675 735 751 ἀκριβεῖ
695 703 740 730 το
759 675 922 750 κέντρον
954 700 1030 729 και
1057 681 1204 735 ὁποίας
1228 684 1278 729 αν
1305 675 1467 739 δεέηται
1493 699 1574 734 τας
1593 675 1772 753 μορφξις

504 779 581 808 των
604 752 752 826 ἔργων,
771 776 951 806 τοιαυτα
970 777 1046 804 και
1026 751 1258 805 ὃεικνυτω
1279 751 1415 808 αὐτα,
1439 753 1564 804 dimo-‘r
1563 763 1683 825 ροφον
1699 746 1744 803 δὲ
1757 789 1768 808 ,

503 825 528 891 37
547 830 815 902 παράχρουν,
834 824 855 890 ἦ
877 830 1167 902 ετεροσχημον,
1187 827 1322 917 μηδέν·
1346 833 1389 880 οὐ
1410 851 1502 896 ’γαρ
1522 826 1667 896 ωσπερ
1689 851 1772 886 τοις

504 905 660 980 ῥήτορσι
689 907 950 979 γραᾷουσιν,
979 903 1114 956 αλλα
1138 929 1197 956 τα
1224 927 1300 974 μεν
1329 904 1665 974 λεχθησόμενα
1655 927 1772 959 εστι,

504 1006 584 1035 και
615 982 828 1056 εἰρήσεται
855 990 1108 1054 πέπρακται
1133 1004 1226 1047 γαρ
1254 979 1337 1041 ηὸη.
1366 981 1430 1032 ὃει
1450 975 1495 1031 δε
1517 981 1673 1043 τάξαι,
1696 1003 1774 1031 και

505 1081 631 1110 ειπειν
650 1063 780 1110 αυτα·
812 1057 945 1113 ωστε,
972 1062 1015 1110 οὐ
1037 1063 1082 1110 τί
1102 1080 1251 1109 ειπωσι
1279 1054 1455 1121 ζητητέον
1479 1059 1640 1114 αὐτοις,
1662 1060 1773 1107 ἀλλ’

507 1159 623 1193 οπως
643 1157 824 1187 ειπωσιν.
849 1149 957 1191 ολως
977 1126 1044 1188 δε,
1067 1130 1272 1203 νομιστέον
1289 1157 1354 1185 τον
1373 1138 1549 1204 ἱστορίαν
1564 1132 1774 1222 συγγρα-

509 1221 673 1273 φοντα,
694 1211 885 1262 Φειδία
865 1236 886 1271 η
904 1209 1163 1282 Πραξιτελει
1183 1231 1327 1285 χρηναι
1348 1231 1543 1263 εοικεναι,
1557 1233 1580 1269 η
1600 1209 1774 1260 Ἀλκα-

500 1284 639 1355 μένει,
661 1285 690 1347 ἦ
699 1311 760 1357 τῳ
771 1269 915 1377 αλλῳ
936 1287 1105 1338 εκείνων.
1127 1278 1215 1336 οὐδε
1233 1306 1325 1352 ,γαρ
1343 1285 1456 1337 ουδ’
1446 1307 1581 1336 εκεινοι
1598 1307 1770 1357 χρυσον,

506 1387 530 1422 4
551 1385 749 1434 αργυρον,
765 1356 787 1423 ἠ
806 1359 1052 1424 ὲλεφαντα,
1071 1387 1093 1423 4
1113 1386 1183 1422 την
1197 1360 1340 1421 ἑίλλην
1356 1358 1454 1421 ὕλ4ν
1475 1363 1642 1412 εποίουν
1661 1364 1774 1412 αλλ’

507 1461 628 1507 ημεν
652 1436 836 1520 ὑπηρχε,
861 1462 937 1490 και
963 1435 1365 1525 προϋποβεβλητο,
1375 1429 1626 1491 Ἠλείων,
1604 1461 1626 1496 η
1652 1437 1777 1496 Afin-

507 1521 645 1570 ναίων,
664 1540 686 1575 4
703 1516 900 1588 Αργειων
918 1527 1241 1587 πεπορισμενων
1270 1520 1303 1565 οἱ
1328 1504 1420 1564 ὃε
1396 1526 1610 1565 επλαττον
1632 1535 1772 1581 μονον.

508 1657 801 1711 transvoletque
823 1658 874 1697 ab
896 1658 1081 1698 Armenia
1113 1657 1267 1711 quidem
1289 1656 1329 1696 in
1349 1656 1518 1698 Mediam
1532 1687 1545 1706 ‚
1568 1656 1657 1697 inde
1677 1669 1778 1697 vero

508 1720 751 1760 stridentibus
774 1720 883 1760 velut
906 1721 972 1760 alis
997 1721 1035 1758 in
1056 1719 1216 1759 Iberiam
1230 1748 1241 1767 ‚
1261 1719 1346 1759 inde
1368 1720 1407 1758 in
1432 1718 1577 1759 Italiam
1591 1750 1603 1768 ,
1626 1729 1671 1759 ut
1688 1719 1778 1758 nul·

508 1785 590 1824 lum
610 1797 692 1823 non
713 1794 864 1836 tempus
887 1782 1156 1836 consequatur.
1181 1783 1353 1822 Maxime
1376 1796 1477 1822 vero
1499 1781 1654 1835 speculo
1677 1781 1778 1822 fimi-

509 1845 585 1886 lem
608 1844 786 1898 praebeat
807 1846 978 1883 animum
991 1875 1004 1894 ,
1025 1844 1115 1883 nihil
1137 1844 1313 1891 turbido,
1329 1844 1370 1883 δι
1386 1842 1606 1896 splendido,
1627 1844 1667 1883 δι
1686 1856 1778 1884 cen-

509 1906 559 1945 tri
583 1906 730 1946 exaffi:
755 1905 960 1958 qualesque
981 1904 1172 1958 acceperit
1193 1918 1355 1958 operum
1374 1903 1537 1957 specie3‚
1553 1905 1647 1945 tales
1660 1904 1777 1945 etiam

509 1966 591 2006 illas
611 1965 808 2014 ostendat3
829 1965 1052 2020 perversum
1072 1980 1196 2013 vero,
1219 1977 1285 2006 aut
1309 1966 1421 2005 alieni
1445 1966 1614 2014 coloris,
1641 1978 1709 2007 aut
1729 1967 1778 2006 fi-

509 2041 628 2081 gurae
649 2027 839 2074 diversae,
864 2029 966 2069 nihil.
988 2029 1126 2082 Neque
1142 2030 1242 2069 enim
1262 2039 1305 2068 ut
1328 2027 1570 2081 eloquentiae
1592 2029 1779 2083 magistris

507 2090 679 2131 scribunt
701 2091 867 2144 historici:
887 2089 948 2131 sed
970 2090 1126 2130 dicenda
1146 2092 1273 2143 praesto
1293 2089 1398 2139 sunt,
1420 2090 1460 2130 δι
1482 2090 1654 2131 dicentur
1669 2093 1779 2131 omni-

507 2168 578 2200 no;
597 2151 672 2192 iam
693 2153 795 2191 enim
817 2151 914 2191 faEta
934 2150 1029 2191 sunt.
1048 2151 1220 2204 Oportet
1241 2161 1369 2191 autem
1391 2151 1569 2192 ordinare
1582 2153 1644 2192 illa
1661 2166 1779 2207 atque

508 2217 646 2256 dicere.
675 2216 809 2269 Itaque
839 2228 919 2256 non
949 2215 1038 2269 quid
1070 2216 1216 2262 dicant,
1240 2216 1502 2268 quaerendum
1533 2216 1587 2256 eis
1617 2215 1690 2265 est,
1714 2215 1778 2256 sed

508 2278 714 2330 quomodo
742 2279 878 2318 dicant.
901 2277 947 2316 In
967 2275 1188 2317 universum
1210 2289 1309 2316 vero
1332 2277 1542 2330 putandum
1563 2276 1639 2325 est,
1663 2277 1778 2318 histo-

508 2341 588 2380 riae
617 2339 840 2394 scriptorem
864 2340 1016 2380 Phidiae
1038 2350 1103 2378 aut
1130 2338 1310 2378 Praxiteli
1335 2337 1493 2378 similem
1517 2338 1590 2379 effe
1614 2339 1779 2390 debere,

508 2415 577 2443 aut
590 2404 811 2452 Alcameni,
831 2415 899 2444 aut
922 2404 1072 2443 cuidam
1094 2402 1155 2441 alii
1177 2415 1226 2442 ex
1246 2415 1296 2442 eo
1318 2415 1495 2442 numero.
1518 2403 1657 2456 Neque
1673 2404 1778 2444 enim

510 2466 566 2505 illi
587 2480 722 2506 aurum
737 2498 748 2516 ,
770 2479 838 2506 aut
858 2479 1083 2520 argentum,
1104 2477 1170 2506 aut
1197 2467 1295 2506 ebur
1308 2498 1319 2516 ,
1339 2476 1408 2506 aut
1434 2466 1547 2506 aliam
1579 2467 1778 2507 materiam

509 2526 721 2568 faciebant:
742 2542 880 2568 verum
902 2529 964 2568 illa
987 2529 1139 2581 quidem
1161 2528 1314 2573 aderat,
1336 2527 1376 2567 δι
1396 2525 1560 2567 subiecta
1580 2527 1651 2566 illis
1671 2537 1780 2573 erat,

508 2588 739 2638 Ellenfibus,
756 2601 821 2630 aut
834 2590 1130 2631 Atheniensibus
1139 2621 1153 2639 ,
1174 2602 1241 2630 aut
1253 2589 1412 2643 Argivis
1426 2588 1751 2644 suppeditantibus
1762 2600 1775 2627 ι
