1841 3180
496 160 593 205 474
691 141 1571 192 ANNOTATIONES

551 233 624 271 ead.
637 231 660 271 l.
679 246 710 285 5.
724 234 770 270 Tb
782 262 794 278 ‚
807 230 971 280 πόλεμος
988 228 1060 269 ἀπ.
1076 229 1141 282 π.)
1156 230 1380 284 Empedocli
1391 231 1614 272 Scholiastes
1626 233 1775 283 tribuit,

498 285 540 325 ἃ
566 286 729 325 omnino
757 285 940 325 sententia
962 284 1205 335 Empedoclis
1225 285 1289 324 est.
1310 286 1363 324 V.
1386 285 1483 325 Plut.
1508 287 1547 325 in
1569 286 1774 329 Demetrio

500 338 602 388 1708
614 370 626 386 ‚
643 339 682 380 &
698 340 842 379 Moral.
858 342 956 386 1617
974 337 999 377 f.
1012 337 1136 378 Clem.
1147 339 1259 378 Alex.
1274 353 1317 391 25
1331 339 1376 380 Β.
1391 340 1432 379 ὅι
1449 339 1675 380 Rittershus.
1691 355 1773 383 not.

495 395 542 432 ad
567 393 759 446 Porpliyr.
773 407 809 444 p.
825 406 885 445 37.
898 392 971 432 Sed
984 393 1101 432 verba
1115 393 1294 432 videntur
1311 394 1441 445 potius
1454 395 1650 434 Heracliti.
1673 395 1771 437 Plut.

497 448 601 496 660,
620 462 652 487 2.
673 448 720 486 de
745 447 824 486 uid.
849 445 890 485 δι
915 446 1015 485 Osir.
1032 446 1221 500 Expreffit
1242 447 1363 486 Ovid.
1387 448 1426 487 δι
1448 446 1574 499 discors
1595 452 1774 490 concordia

489 501 642 554 jbetibus
662 515 745 550 apta
762 502 815 554 est.
829 500 947 540 Conf.
969 501 1124 554 Menag.
1145 502 1191 540 ad
1211 500 1381 554 Diogen.
1395 501 1521 542 Laert.
1536 503 1770 557 &Lipfium.

497 554 644 595 Confer
659 555 700 594 &
714 554 822 606 Ἰκοιρ.
838 567 869 594 c.
890 554 924 593 8.
941 554 1099 594 SOLAN.

552 610 631 647 ibid.
648 608 834 661 Πόλεμος)
850 608 909 647 Sic
924 608 1102 662 pag-'728
1116 640 1126 656 ‚
1141 607 1305 658 πόλεμον
1319 608 1391 648 τῶν
1407 608 1499 648 ὅλων
1511 612 1663 662 πατέρα
1681 607 1775 652 εἶναι

495 662 670 713 ἐδόξατε.
695 663 780 702 Hac
797 664 842 702 de
862 676 902 701 re
925 662 1079 715 copiose
1102 662 1200 715 Lips.
1221 664 1393 703 BOURD.
1416 663 1584 717 Respicit
1603 666 1649 704 ad
1671 665 1772 706 illam

495 717 807 756 Heracliteorum
830 728 1009 756 veterum
1035 717 1354 770 philosophorum
1382 716 1677 771 ἐναντιοτροπὴν,
1705 733 1775 773 per

493 784 612 822 quam
626 771 810 821 ἡρμόσθαι
826 772 878 808 τὰ
901 771 1014 817 ὂντα,
1035 769 1112 823 ipse
1134 772 1187 810 ait
1207 771 1311 824 apud
1326 771 1548 824 Diogenem
1576 773 1771 814 Laertium

493 825 551 863 IX
562 856 573 872 ,
586 839 627 873 7,
640 825 874 864 Heraclitus.
886 825 1015 864 Nemo
1030 825 1129 864 forte
1143 827 1354 878 explicavit
1372 838 1457 864 eam
1479 827 1771 878 ἑνιιντιοτροπὴν,

496 878 539 917 ἃ
554 891 682 918 rerum
696 880 871 918 omnium
887 892 934 918 ex
952 892 1079 931 pugna
1094 880 1260 933 quadam
1275 880 1555 920 elementorum
1573 881 1777 935 originem,

493 933 694 985 copiosius
706 946 823 986 quam
836 933 1110 986 Hippocrates,
1125 935 1244 973 modo
1259 934 1289 973 is
1305 933 1440 973 aanor
1451 933 1517 982 fit,
1529 934 1577 974 de
1591 936 1712 975 diaeta
1733 936 1749 975 1
1764 968 1778 986 ,

498 988 524 1025 6
544 988 618 1039 seq.
632 987 732 1033 VlI,
753 988 778 1027 6
791 987 867 1040 seq.
884 988 1056 1039 inprimis
1073 1000 1107 1026 c.
1126 1002 1221 1026 12-—
1233 1002 1300 1038 173
1314 1000 1414 1041 quae
1425 1000 1547 1042 nuper
1558 988 1777 1041 exposuisse

493 1041 611 1080 nobis
629 1041 818 1088 videmur,
839 1055 925 1081 cum
943 1040 1088 1093 ψυχὰς
1101 1041 1368 1095 Ἱπποκράτους
1384 1042 1430 1082 ad
1447 1041 1716 1096 disputandum
1737 1057 1778 1085 e-

493 1095 629 1138 ruditis
646 1108 971 1147 proponeremus.
989 1095 1116 1136 GizsN.

550 1153 623 1188 ead.
637 1152 660 1188 l.
673 1150 709 1189 6.
724 1150 931 1195 Ἀνέφυσεν)
951 1149 1070 1189 Conf.
1086 1149 1183 1189 infra
1194 1149 1368 1201 Ἀποκηρ.
1384 1163 1417 1190 c.
1431 1164 1493 1201 27.
1507 1150 1666 1191 SOLAN.

549 1204 628 1244 ibid.
640 1203 736 1243 ‘Torb
749 1202 824 1254 μιᾷ
837 1202 884 1253 τῇ
900 1204 1066 1258 vairpi)
1080 1204 1195 1257 Angl.
1211 1203 1312 1256 δρμῇ.
1331 1205 1503 1244 BOURD.
1520 1203 1635 1257 Ὁρμῇ
1647 1207 1776 1246 A.W.

494 1257 535 1297 P.
554 1258 594 1297 &
616 1258 658 1297 L.
673 1258 832 1311 Reliqui
847 1257 998 1312 ormi-yffi,
1013 1270 1056 1298 ut
1073 1259 1223 1310 Tyran.
1244 1271 1277 1298 c.
1293 1273 1326 1298 1.
1340 1258 1500 1298 SOLAN.
1520 1258 1622 1299 Cum
1640 1272 1776 1300 omnes

495 1313 578 1352 edd.
593 1313 777 1352 haberent
788 1310 928 1366 πλνηῇ
943 1326 1015 1366 pro
1029 1311 1115 1365 ὁρμῇ
1124 1343 1134 1361 ,
1145 1313 1311 1352 solanus
1323 1312 1566 1366 adscripserat
1578 1313 1779 1354 conferen-

496 1367 589 1405 dum
606 1366 858 1418 Tyrannicid.
877 1380 910 1406 c.
935 1380 963 1404 1.
979 1367 1182 1406 Ibiautem
1196 1367 1319 1420 legas:
1334 1367 1479 1419 orm-723
1496 1366 1571 1418 μιᾷ
1582 1368 1650 1407 sim
1666 1382 1776 1408 mm·

493 1420 574 1471 ροὺς
596 1421 961 1469 ἀποσκευασάμενος
976 1422 1041 1460 καὶ
1063 1422 1260 1471 φονεύσας.
1280 1420 1322 1460 Id
1343 1433 1443 1462 vero
1469 1434 1608 1476 parum
1624 1421 1713 1462 facit
1730 1424 1777 1462 ad

493 1474 834 1514 demonstrandum
845 1505 857 1521 ,
878 1475 918 1514 &
941 1475 1002 1515 hic
1015 1474 1153 1527 πληγῇ
1165 1475 1393 1527 legendum3
1412 1487 1503 1515 cum
1519 1476 1579 1517 hic
1594 1477 1640 1516 de
1652 1477 1779 1516 nativi-

496 1542 588 1574 tate,
606 1529 682 1569 illic
697 1529 743 1568 de
757 1543 859 1568 morte
870 1541 916 1568 ac
929 1529 1045 1569 caede
1058 1528 1184 1569 sermo
1196 1529 1253 1569 sit.
1269 1530 1418 1569 Verum
1435 1530 1523 1582 quia
1545 1531 1604 1570 hic
1624 1531 1670 1571 de
1693 1532 1778 1571 bello

495 1582 622 1622 ‚sermo
639 1582 714 1631 est,
739 1582 859 1623 facete
874 1584 1011 1636 πληὴ
1029 1583 1160 1623 dixisse
1182 1585 1302 1624 videri
1323 1583 1455 1637 poffit,
1471 1597 1514 1624 ut
1534 1584 1776 1626 vocabulum

495 1637 600 1676 hello
612 1637 813 1691 proprium
825 1637 1006 1677 servaret.
1016 1638 1088 1678 Sed
1100 1638 1137 1678 δι
1153 1637 1240 1688 ὁρμὴ
1255 1639 1491 1678 vocabulum
1506 1638 1685 1678 bellicum
1698 1639 1778 1689 est·,

496 1691 663 1744 ideoque
674 1692 750 1732 hoc
761 1692 925 1746 praetuli
936 1702 1094 1745 propter
1106 1693 1378 1733 auc‘toritatem
1390 1691 1594 1733 Codicum.
1607 1694 1661 1731 At
1673 1705 1776 1734 πλη-

497 1745 557 1797 723
575 1756 704 1785 tamen
717 1746 893 1799 generale
906 1746 996 1798 quid
1008 1745 1060 1785 est
1071 1777 1082 1794 ‚
1097 1746 1138 1786 &
1155 1747 1200 1785 ad
1216 1746 1342 1800 plures
1358 1758 1418 1786 res
1431 1745 1526 1788 solet
1537 1747 1709 1797 extendi,
1731 1758 1778 1787 ut

499 1800 601 1850 apud
623 1800 780 1840 Latinos
793 1815 862 1840 uno
877 1800 966 1849 iau,
982 1801 1008 1839 i.
1022 1813 1055 1841 e.
1065 1802 1191 1853 fimul,
1212 1803 1323 1840 eadem
1344 1816 1467 1855 opera,
1490 1814 1610 1855 quare
1632 1801 1668 1841 id
1691 1814 1774 1843 non

496 1854 612 1907 plane
625 1855 819 1906 improbo.
835 1855 983 1894 Rmz.

553 1911 627 1947 ead.
647 1909 670 1948 l.
691 1908 727 1948 8.
743 1908 964 1961 Φίλιππος)
983 1908 1084 1947 Vide
1098 1909 1242 1960 πάροισ.
1258 1922 1291 1949 c.
1318 1923 1379 1957 42.
1399 1907 1460 1962 Ad
1481 1908 1696 1962 Philippum
1713 1909 1778 1949 ad-

497 1960 636 2002 duetus
657 1962 730 2002 fuit
753 1962 838 2016 post
855 1976 1023 2017 pugnam
1046 1962 1358 2003 Chaeronensem
1364 1992 1470 2004 .....
1480 1963 1533 2003 V.
1554 1964 1706 2003 Arrian.
1725 1964 1776 2004 E-

499 2016 589 2069 pist.
609 2030 643 2068 p.
660 2030 734 2071 302
746 2047 758 2063 ‚
771 2018 813 2057 δι
826 2017 946 2070 Diog.
962 2018 1087 2057 Laert.
1103 2018 1175 2067 148
1190 2018 1231 2057 B.
1248 2017 1404 2057 SOLAN.

554 2073 628 2109 ead.
643 2072 668 2110 l.
684 2071 817 2112 16.T*ov
828 2072 950 2126 πίθον)
963 2070 1079 2111 Conf.
1094 2071 1193 2124 supr.
1207 2071 1308 2111 Dial.
1323 2072 1442 2111 Mort.
1456 2071 1523 2119 Xl,
1536 2072 1552 2122 §
1566 2086 1600 2126 3.
1614 2072 1773 2115 SOLAN.

555 2126 590 2162 in
601 2126 718 2164 Schol.
731 2127 753 2164 l.
773 2140 805 2166 1.
819 2125 1104 2179 Πόλεμος)Ριό
1119 2124 1287 2176 Πόλεμος
1303 2124 1342 2165 ἑι.
1365 2141 1411 2165 π.
1431 2126 1628 2180 legebatur
1647 2130 1692 2166 το
1706 2125 1776 2166 τοῦ

501 2179 713 2233 Σινωπέως)
734 2180 795 2219 Ad
816 2192 916 2233 quae
939 2179 1043 2220 Cler.
1065 2180 1114 2220 s1c
1129 2191 1435 2220 commentatur:
1461 2180 1554 2233 quid
1569 2179 1708 2221 faciant
1729 2180 1775 2220 ad

501 2232 750 2285 Sinopensem
770 2234 1066 2288 philosophum,
1087 2235 1123 2274 h.
1146 2247 1180 2273 e.
1203 2235 1250 2273 ad
1271 2234 1512 2287 Diogenem,
1536 2235 1634 2275 haec
1655 2235 1776 2275 verba

499 2286 746 2335 Scholiastae‚
762 2301 823 2328 me
835 2288 1013 2342 ignorare
1027 2288 1337 2336 fateor.Vereor,
1347 2301 1395 2328 ne
1407 2288 1558 2328 aliunde
1571 2289 1645 2328 huc
1659 2288 1775 2327 trans-

501 2340 577 2380 lata
590 2341 757 2390 fuerint,
779 2342 865 2383 licet
884 2343 1031 2396 alioqui
1054 2343 1202 2382 nullum
1221 2354 1401 2396 appareat
1421 2343 1459 2381 in
1472 2342 1682 2383 Scholiasta
1704 2356 1773 2381 no-

502 2394 583 2434 stro
607 2396 813 2436 luxationis
835 2396 1049 2449 vestigium.
1067 2397 1175 2437 Haec
1199 2397 1271 2436 ille.
1294 2398 1443 2435 Verum
1465 2396 1511 2435 ad
1533 2410 1631 2450 quae
1654 2397 1774 2438 verba

504 2450 690 2502 pertineat
707 2451 782 2493 hoc
795 2450 978 2493 Scholion
990 2482 1001 2502 ‚
1015 2451 1197 2492 indicavit
1210 2451 1383 2491 Solanus.
1398 2450 1546 2495 RmTz.
