1841 3180
474 199 569 263 366
676 197 1571 248 ANNOTAIIONES‘

472 289 605 342 quenti
627 288 698 330 usu
717 289 931 334 munitum,
944 300 1060 346 quam
1078 288 1208 328 durius
1230 289 1322 328 illud
1339 289 1433 336 ὅλον,
1447 291 1552 343 quod
1565 290 1657 332 ’ὄντα
1673 294 1746 348 po·

473 345 550 382 tius
562 345 794 396 requireret,
809 355 927 403 quam
943 342 1047 382 εἰναι.
1063 342 1184 395 Eligat
1198 343 1361 403 interim,
1380 346 1487 397 quod
1499 344 1658 399 quisque
1671 361 1746 388 vo·
1779 395 1783 403 Δ
1835 392 1841 403 2

474 397 612 437 luerit:
631 397 776 449 singula
790 410 892 435 emm
906 395 995 436 snos
1007 407 1192 447 patronos
1202 397 1411 437 invenient.
1427 397 1574 438 REITz.
1623 411 1628 417 ·

529 453 604 490 ead.
618 453 640 490 l.
657 452 692 489 6.
709 446 785 489 Οὗνν
797 450 833 488 ἐς
843 450 1011 502 μακρὰν)
1028 445 1104 488 Οὐκ
1120 450 1320 502 εἰςμακρὸν
1334 451 1473 503 χρόνον.
1488 452 1629 492 BROD.

528 507 601 543 ead.
621 506 643 542 l.
665 503 874 557 9.Ἡσιόἇ“ον
893 503 1004 555 οἰκεῖ’)
1023 504 1106 542 Lin.
1133 517 1147 541 1
1167 503 1288 556 Oper.
1310 504 1416 544 Haec
1441 517 1522 545 tota
1539 505 1745 548 dissertatio

474 558 685 598 Hesiodum
704 558 748 596 de
769 558 830 595 via
851 556 914 596 illa
929 558 1083 597 virtutis
1105 558 1386 610 interpretatur.
1401 559 1574 600 Romu).
1588 560 1745 602 Hefiod.

473 611 571 665 Ἐργ.
588 612 676 651 288.
692 610 849 650 SOLAN.

527 669 600 704 cad.
619 665 641 703 l.
665 678 719 717 ¹3-
740 663 1030 717 Ὡὸοιπόρηται)
1059 664 1252 704 Lucianus
1275 677 1322 704 ex
1345 677 1508 706 numero
1527 679 1717 707 annorum
1731 698 1744 716 ‚

472 731 573 771 quos
587 720 660 757 iam
675 717 935 770 philosophiae
947 717 1070 757 studio
1091 719 1242 758 dederat
1257 720 1536 768 Hermotimus,
1549 721 1746 774 colligens,
1788 756 1793 763 .
1818 754 1821 762 .

471 785 562 811 eum
577 785 655 811 non
667 772 782 824 longe
795 774 844 811 ab
858 771 932 824 ipsa
947 773 1102 811 Virtute
1113 803 1126 819 ,
1139 786 1254 824 quam
1271 786 1341 824 pro
1354 772 1502 814 summo
1518 775 1624 814 bono
1640 787 1745 828 pete·
1790 775 1794 786 ”
1816 796 1834 819 -,

470 826 564 865 bant
585 825 802 879 philosophi
825 825 897 873 illi,
921 825 1065 871 abeffe,
1088 827 1155 864 ubi
1177 828 1412 866 contrarium
1430 840 1478 867 ex
1496 829 1745 870 Hermotimo
1791 838 1794 844 “

470 880 664 932 intelligit,
681 881 746 927 ait,
763 878 839 933 οὐχ
852 879 963 920 ἱκανὰ
975 874 1033 920 οὖν
1047 878 1207 932 ἵὲρωταί
1219 895 1291 929 σοι,
1311 874 1337 920 ἷὶῖ
1349 880 1555 932 Ἑρμότιμε,
1571 882 1636 921 καὶ
1649 882 1694 922 δὲ
1696 899 1746 923 01·
1833 881 1837 896 '

471 935 633 986 πόριν-[αι
647 948 658 981 3
673 934 718 973 Et
739 935 798 974 hic
817 934 957 974 scilicet
977 935 1085 974 locus
1105 945 1335 986 argumento
1349 935 1422 983 est,
1435 948 1550 987 quam
1566 936 1745 977 immunis

470 987 518 1026 s1t
535 990 582 1027 ab
598 987 907 1040 inquinatissimis
934 989 1090 1027 maculis
1113 988 1322 1041 exquisitae
1345 988 1406 1028 hic
1425 989 1634 1042 elegantiae
1656 990 1745 1031 scri-

471 1052 574 1095 ptor.
589 1042 759 1081 Emendat
774 1038 1036 1093 ὡδοιπόρηται.
1054 1042 1193 1082 Melius
1206 1042 1492 1082 Grammaticae
1505 1043 1606 1096 leges
1617 1044 1654 1082 in
1666 1045 1743 1085 hoc

469 1096 597 1153 gerbo
616 1095 785 1136 servatae
804 1096 890 1136 sunt
904 1095 1000 1134 insi-a
1016 1109 1096 1147 cap.
1113 1110 1176 1145 27,
1189 1095 1268 1135 τοῖς
1279 1098 1361 1147 ’γὰρ
1374 1096 1741 1149 προωδοιπορηκόσιν,

473 1153 502 1189 ὠ
516 1149 661 1198 Λυκῖνε,
679 1150 896 1189 πιστεύσας
910 1151 985 1190 &c.
1000 1150 1038 1189 ὅ(
1062 1151 1101 1188 in
1117 1151 1224 1189 Vera
1238 1149 1332 1191 Hist.
1347 1162 1380 1190 c.
1393 1165 1419 1199 4
1429 1181 1442 1196 ,
1456 1150 1745 1203 cvvcohtvrbpovv

471 1201 559 1253 ἧμῖν
573 1206 830 1254 παραθέοντες.
852 1204 990 1243 Eadem
1007 1214 1136 1244 tamen
1159 1203 1355 1256 spurcities
1371 1203 1481 1243 simili
1495 1205 1533 1243 in
1555 1218 1654 1245 voce
1669 1218 1744 1246 oc-

471 1258 591 1297 currit
606 1259 645 1296 in
658 1258 875 1311 Lexiphane
895 1270 927 1296 c.
948 1273 996 1296 22
1020 1271 1075 1310 pr.
1097 1258 1389 1309 προοὸοποίηται
1404 1271 1475 1310 pro
1492 1259 1746 1310 ‘morosam-oin·

471 1326 551 1352 ται.
566 1312 657 1351 Ibid.
674 1315 693 1361 ᾗ
712 1326 760 1360 24
776 1313 855 1365 pari
869 1312 953 1363 labe
966 1311 1177 1351 maculatus
1192 1311 1245 1351 est
1263 1311 1324 1351 ille
1337 1311 1485 1351 libellus
1498 1312 1546 1351 ab
1566 1311 1746 1366 sequiori·

472 1366 546 1405 bus
557 1366 782 1413 editoribus7
799 1366 865 1418 qui
880 1379 951 1418 pro
963 1367 1390 1418 προπαρεσκευασμένος
1401 1366 1584 1406 dederunt
1595 1381 1746 1420 προποι-

470 1422 780 1472 ρασκευασ-μένος.
792 1420 900 1459 IENS.

526 1475 617 1526 Pag.
630 1489 665 1523 4.
680 1474 705 1513 l.
721 1489 735 1513 1
745 1504 754 1513 .
764 1475 902 1526 Ἀρχὴν
916 1496 961 1504 -
976 1472 1170 1520 Ἢο-ίοέος)
1190 1472 1424 1513 Hefiodeum
1438 1485 1508 1513 cur
1521 1486 1602 1514 non
1614 1474 1744 1515 videa-

472 1537 551 1574 tur,
565 1529 640 1567 dixi
652 1528 697 1567 ad
709 1530 850 1568 Ἐνυπν.
863 1541 896 1567 c.
912 1543 945 1582 3.
961 1529 1118 1568 SOLAN.
1134 1528 1255 1568 Etiam
1268 1528 1305 1566 in
1318 1541 1437 1580 marg.
1449 1528 1506 1568 ed.
1521 1527 1623 1568 Iunt.
1635 1541 1747 1568 nota-

472 1593 585 1620 verat
600 1582 785 1629 Solanus,
799 1581 926 1621 falsam
947 1584 1044 1622 hanc
1064 1580 1138 1621 effe
1155 1582 1389 1621 citationem.
1411 1581 1484 1621 Sed
1507 1581 1547 1621 δι
1561 1583 1744 1624 Seidelius

473 1637 512 1674 in
527 1636 682 1676 Portula
696 1637 738 1676 L.
758 1636 826 1676 Gr.
843 1650 957 1676 aurea
973 1651 1009 1690 p.
1030 1636 1052 1675 8
1074 1635 1246 1675 Hesiodo
1267 1635 1459 1682 adscribit,
1476 1648 1558 1675 non
1575 1636 1743 1677 indicato

472 1700 601 1730 tamen
626 1691 728 1730 loco.
753 1689 930 1730 Erasmus
947 1692 984 1729 in
1006 1691 1111 1742 adag.
1126 1690 1330 1743 principium
1344 1690 1516 1729 dimidium
1531 1690 1653 1738 totius,
1670 1691 1745 1731 Lu·

470 1743 624 1784 cianutn
646 1745 683 1783 in
704 1745 882 1784 Hermot.
905 1745 940 1784 id
960 1743 1231 1784 hemistichium
1255 1756 1304 1783 ex
1320 1742 1490 1783 Hesiodo
1511 1742 1649 1785 afferre
1669 1745 1743 1793 ait3

470 1797 533 1838 sed
551 1799 590 1838 δι
606 1798 799 1838 Aristoteli
815 1798 857 1838 δι
871 1798 1019 1838 Platoni
1038 1797 1260 1851 usurpatum
1281 1797 1428 1838 indicat.
1440 1796 1511 1837 Sed
1523 1796 1651 1838 forsan
1663 1799 1744 1838 Lu-

473 1853 627 1892 cianum
654 1852 828 1892 fefellerit
852 1852 927 1893 hoc
945 1852 1102 1892 Hesiodi
1115 1852 1216 1904 'Ep-y.
1238 1865 1311 1900 40,
1327 1874 1372 1881 -
1396 1851 1468 1901 ὅσῳ
1491 1852 1605 1892 πλέον
1626 1848 1742 1902 ἥμισυ

472 1907 628 1947 παντός.
641 1907 712 1946 Sed
726 1920 762 1945 v.
780 1918 876 1945 nott.
893 1908 938 1946 ad
950 1907 1081 1946 Somn.
1097 1905 1112 1955 §
1132 1920 1164 1958 3.
1183 1907 1326 1945 REITZ.
1559 1907 1565 1913 ’

529 1964 602 1999 ead.
621 1961 645 2000 l.
666 1976 702 2010 4-
722 1959 957 2014 Πανύπονω)
979 1960 1102 2008 Placet
1125 1960 1333 2011 πάμπολυ.
1355 1959 1494 1999 Biton.
1512 1957 1586 1999 Sed
1603 1958 1644 1999 &
1662 1959 1740 2000 hoc

472 2013 550 2054 iam
566 2014 707 2054 habent
722 2014 802 2054 edd.
817 2014 964 2054 Rmz.

527 2072 602 2107 ead.
616 2069 637 2107 l.
658 2083 670 2107 1
683 2083 715 2109 2.
726 2068 879 2121 Ὁμήρου
893 2067 1004 2122 Ζεὺς)
1017 2067 1119 2107 Iliad.
1133 2073 1179 2107 Δ.
1193 2068 1333 2108 BROD.
1349 2066 1393 2107 Il.
1408 2072 1455 2114 Θ,
1474 2065 1534 2106 18.
1551 2065 1666 2107 Conf.
1680 2065 1744 2107 su-

471 2135 540 2176 pra
555 2122 678 2163 Deor.
696 2122 798 2162 Dial.
815 2123 912 2162 XXI
924 2137 978 2176 pr.
994 2123 1152 2162 SOLAN.

526 2179 599 2216 ead.
612 2177 636 2216 l.
660 2176 856 2230 16.”Οο·ῳ)
872 2177 974 2230 Lege
994 2176 1092 2225 ὅσον,
1113 2175 1245 2216 invitis
1265 2174 1446 2215 omnibus
1468 2172 1604 2214 nostris
1624 2174 1742 2216 libris.

473 2223 754 2271 SOLAN.‘'Oo·ov
767 2230 837 2270 Ms.
853 2231 950 2283 Reg.
965 2244 1077 2284 2954.

528 2286 618 2337 Pag.
634 2301 664 2338 5.
676 2286 698 2322 l.
714 2285 749 2324 8.
759 2283 1019 2331 Παναθήναια)
1035 2284 1096 2323 De
1112 2283 1269 2336 quibus,
1283 2283 1324 2323 δι
1339 2281 1418 2322 aliis
1431 2280 1543 2322 sacris
1557 2281 1744 2322 caerimo-

473 2339 546 2378 niis
556 2340 646 2379 dico
658 2338 811 2391 copiose
823 2339 887 2378 σὺν
902 2338 975 2386 5εῷ
987 2339 1085 2377 alibi.
1102 2339 1275 2377 Bonan.

528 2396 603 2432 ead.
622 2395 644 2432 l.
664 2407 678 2431 1
693 2407 722 2432 1.
738 2392 882 2445 Ἀρετῆς
898 2392 1074 2445 oronnam)
1090 2392 1178 2431 Hoc
1191 2391 1280 2431 illud
1291 2390 1358 2439 est,
1372 2390 1478 2443 quod
1491 2387 1743 2443 philosophos

475 2459 611 2486 omnes
630 2449 804 2487 exercuit
825 2448 988 2491 tamdiu,
1006 2447 1052 2485 de
1068 2459 1148 2498 quo
1162 2446 1271 2486 locus
1288 2445 1384 2485 alius
1397 2444 1562 2495 dicendi,
1582 2445 1682 2484 ut&
1696 2443 1744 2484 de

476 2500 543 2541 illo
559 2500 634 2554 seq.
653 2498 892 2553 εύὲαιμονίας
906 2498 1044 2542 κτῆσιν.
1059 2500 1233 2540 BOURD.
