1768 3185
315 199 525 249 VERAE
561 199 914 247 HISTORIAE
949 200 1060 246 LIB.
1096 201 1154 246 Π.
1280 218 1366 267 303

96 290 198 350 ποῖ,
226 289 327 367 πρὶς
353 287 423 355 τῆν
452 293 700 347 θάλατταν
727 290 1074 385 κατεφεύγομεν.
1117 290 1212 344 εἶτα
1236 290 1373 363 μέντοι

99 371 257 428 πάντες
285 370 568 440 ὁπλισάμενοι
601 367 678 440 ζ’
641 395 685 421 ου
711 392 802 436 ’γαο
823 369 993 420 εὸοκει
974 371 1069 437 ημῖν
1092 368 1375 440 ἀτιμωρητους

96 447 284 539 περιϊδεῖν
311 469 404 504 τους
429 440 664 514 Φίλους>’
653 452 922 514 εμπίπτομεν
942 467 1027 502 τοις
1049 445 1372 505 ΒουκεΦοὶλοις,

97 545 159 575 τα
185 519 289 594 κρέοο
315 546 395 574 των
420 519 667 594 ἀνῃρημένων
698 517 996 591 διαιρουμένοις
1031 519 1307 582 Φοβησαντες
1328 523 1374 574 δὲ

97 598 272 656 πάντας
299 597 538 669 ἒδὶωκομεν,
567 621 645 650 και
666 594 868 666 κτείνομέν
897 618 954 661 γε
980 619 1069 648 οσον
1094 619 1372 658 πεντηκοντα,

98 696 179 727 και
208 673 364 739 ζωντας
392 697 528 727 αυτων
548 671 615 724 δυο
637 674 956 743 λαμβανομεν,
978 696 1056 724 και
1085 670 1248 730 αὐθις’
1232 681 1371 727 wicco

98 746 433 838 ἀνεστρέΦομεν,
452 773 545 807 τους
565 749 885 819 αἱχμαλωτους
901 764 1077 812 εχοντες
1090 755 1216 801 σιτίον
1234 773 1373 820 μεντοι

98 818 209 879 οὐδεν
231 848 407 898 ευρομεν.
431 832 464 878 οἱ
485 847 560 896 μεν
582 833 643 877 ουν
666 825 801 877 ἄλλοι
816 862 827 880 ,
849 847 1049 900 παρῃνουν
1069 828 1374 886 ἀποσΦοΞττειν

99 925 194 960 τους
211 900 588 974 παρειλημμενους.
610 895 700 967 ἐγω
718 894 761 953 δε
777 905 851 953 οὐκ
872 902 1133 970 ἐδοκίμαζον,
1155 900 1289 954 ἀλλα
1306 902 1375 963 διξ-

98 1000 212 1036 σοος,
243 976 488 1041 ἑΦυλαττον
514 976 684 1036 αὐτους,
715 977 819 1050 ἄχρι
847 971 939 1038 ‘5²7’
918 983 1122 1041 οιΦικοντο
1148 1001 1274 1051 παρα
1295 1004 1374 1033 των

100 1052 402 1117 Βουκεφαλων
429 1056 659 1128 πρεσβεῖς,
686 1054 964 1111 απαιτοῧντες
996 1052 1065 1105 ἐπι
1098 1053 1257 1126 λυτροις
1278 1080 1372 1114 τους

100 1129 462 1201 συνειλημμενους
494 1137 680 1201 συνίεμεν
707 1153 801 1198 ’γαρ
832 1129 967 1182 αὐτων
996 1131 1269 1187 ὃιανευοντων,
1295 1156 1372 1184 και

102 1229 243 1290 γοερον
265 1231 304 1258 τι
325 1229 605 1278 μυκωμενων,
633 1205 779 1274 ὥσπερ
806 1206 1071 1258 ἱκετευοντων
1095 1231 1154 1258 τα
1175 1221 1312 1280 λυτρα
1332 1209 1374 1260 δ’

102 1287 146 1344 ἦν
156 1307 260 1355 τυροι
273 1282 455 1340 πολλοι,
470 1306 546 1335 και
562 1283 682 1346 ἰχθυς
695 1283 796 1356 ξηροι
808 1320 820 1337 ,
838 1306 915 1334 και
907 1284 1157 1370 κρόμμυα,
1175 1307 1251 1335 και
1267 1282 1374 1338 ελα-

103 1369 182 1421 Φοι
201 1382 417 1449 τετταρες,
433 1383 536 1433 τρεις
556 1360 717 1420 ἑκαστη
736 1356 921 1417 ποὸας
897 1382 1084 1422 εχουσα,
1103 1358 1170 1411 δύο
1187 1383 1261 1429 μεν
1281 1385 1373 1419 τους

99 1435 287 1488 οπισθεν
300 1473 313 1491 ,
332 1459 365 1487 οι
358 1428 425 1487 (δε
440 1459 584 1507 προσω
602 1438 640 1494 ἐς
659 1457 730 1487 ενα
748 1433 1111 1504 συμπεΦυκεσαν.
1135 1435 1203 1488 ἐπι
1220 1461 1373 1494 τουτοις

100 1512 323 1570 αποὸοντες
337 1537 429 1570 τους
445 1508 810 1583 συνειλημμένους,
826 1534 903 1563 και
916 1517 1022 1582 μίαν
1038 1508 1191 1584 ἡμέραν
1209 1515 1372 1584 επιμεί-

96 1634 278 1690 fugimus.
305 1636 456 1677 Deinde
476 1634 647 1676 univerfi
668 1636 783 1676 armis
805 1636 950 1690 captis,
969 1646 1102 1690 ‘neque
1124 1637 1226 1677 enim
1249 1637 1372 1691 place—

98 1699 165 1740 bat
184 1700 328 1740 inultos
351 1700 543 1754 negligere
562 1700 729 1748 amicos,
744 1700 927 1739 irruimus
949 1700 989 1739 in
1004 1700 1269 1754 Bucephalos,
1287 1715 1372 1742 car·

99 1774 168 1802 nes
188 1761 476 1802 interfeElorum
500 1762 736 1809 dividentes;
762 1771 880 1814 atque
899 1761 939 1800 in
962 1772 1151 1801 terrorem
1172 1762 1372 1803 coniectos

100 1822 303 1863 universos
317 1822 592 1878 persequimur,
608 1836 824 1876 eorumque
845 1823 997 1863 circiter
1018 1823 1294 1876 quinquaginta
1317 1826 1372 1863 in-

99 1885 332 1936 terficimus,
363 1886 537 1940 duosque
564 1887 738 1940 capimus
761 1885 892 1926 vivos.
930 1886 993 1926 Sic
1026 1887 1259 1927 revertimur
1280 1900 1371 1927 cum

101 1948 291 2003 captivis:
319 1949 399 1989 cibi
418 1962 518 1989 vero
536 1948 626 1988 nihil
647 1949 932 1989 inveneramus.
964 1947 1122 2000 Reliqui
1142 1948 1259 2000 igitur
1279 1949 1371 1989 hor·

99 2011 294 2059 tabantur,
315 2023 358 2051 ut
381 2022 516 2066 captos
534 2009 860 2051 interficet-emus:
887 2023 962 2063 ego
980 2023 1079 2050 vero
1094 2010 1171 2050 hoc
1186 2024 1266 2051 non
1279 2025 1371 2065 pro-

102 2072 220 2123 bavi,
240 2072 303 2114 sed
320 2074 476 2114 vinctos
497 2073 712 2121 affervavi,
738 2073 829 2113 dum
845 2073 1024 2112 venirent
1040 2086 1063 2112 a
1081 2073 1308 2126 Bucephalis
1321 2075 1374 2115 le-

102 2137 207 2191 gati,
235 2137 302 2191 qui
329 2138 454 2191 pretio
478 2135 780 2191 comprehensos
807 2145 1035 2189 repeterent.
1066 2134 1373 2187 intelligebamus

100 2200 245 2254 quippe
265 2199 351 2240 illos
375 2200 563 2246 innuere,
588 2212 632 2239 ac
655 2199 818 2252 lugubre
838 2197 1016 2251 quiddam
1031 2228 1044 2244 ‚
1067 2197 1285 2251 suppliciter
1307 2212 1373 2239 ro-

101 2265 273 2318 gantium
287 2263 418 2312 instar,
433 2266 593 2318 mugire.
614 2263 780 2304 Pretium
795 2277 894 2304 vero
915 2264 1160 2304 redemtionis
1179 2275 1287 2303 erant
1309 2276 1372 2305 ca.

99 2326 156 2366 sei
180 2327 291 2367 multi
303 2358 314 2376 ,
335 2327 379 2367 &
403 2326 490 2368 ficei
513 2326 650 2381 pisces,
666 2325 706 2365 &
724 2338 859 2379 cepae,
875 2326 914 2366 δι
929 2326 1035 2365 cervi
1054 2337 1236 2379 quatuor,
1253 2327 1371 2367 trium

101 2386 240 2440 singuli
272 2388 436 2442 pedum,
464 2401 554 2429 cum
584 2388 696 2427 binos
727 2388 880 2441 quidem
905 2387 1138 2441 posteriores
1163 2386 1372 2436 haberent,

102 2450 253 2503 priores
268 2461 398 2491 autem
419 2451 459 2491 in
479 2463 600 2491 unum
621 2450 794 2491 coalitos.
815 2449 890 2490 Pro
911 2449 969 2490 his
983 2463 1071 2490 cum
1094 2449 1373 2490 reddidissemus

103 2512 306 2566 captivos,
329 2512 370 2554 δι
393 2513 494 2554 diem
516 2527 640 2556 unum
664 2512 805 2554 morati
833 2511 1019 2560 effemus,
1042 2510 1238 2554 solvimus.
1267 2511 1373 2553 Iam-
