1768 3185
141 243 214 291 IN
231 241 579 314 QUOMODO
595 240 758 289 HIST.
777 239 877 287 SIT
894 240 1158 288 CONSCR.
1231 256 1322 308 539

45 331 342 386 'densffiifimifis‚
356 333 407 371 ita
417 344 458 372 ut
467 347 570 386 neque
585 335 706 386 exstet,
719 347 822 386 neque
836 332 950 371 hiatus
970 332 1111 378 habeat,
1129 344 1209 371 non
1223 332 1322 373 male

49 386 250 441 interpres.
270 385 459 439 Προῦχειν
481 387 542 428 hic
556 387 730 426 Luciano
750 385 826 432 est,
840 385 948 439 quod
962 385 1144 424 Petronio
1158 385 1210 424 est
1225 400 1324 425 extra

48 455 174 492 corpus
185 441 350 481 orationis
367 441 514 480 eminere.
528 441 708 479 Praeterea
717 471 728 488 ‚
749 441 894 493 inquit,
908 442 1093 479 curandum
1104 441 1147 493 est
1158 470 1169 487 ,
1184 454 1226 477 ne
1241 441 1324 491 fin·

47 496 173 534 tentiae
185 496 350 535 emineant
362 507 459 534 extra
478 510 600 548 corpus
613 495 778 534 orationis
792 494 980 547 expnffize,
997 492 1063 545 sed
1072 493 1205 532 intexto
1225 493 1324 546 vesti-

47 551 114 589 hus
126 549 234 589 colore
253 550 402 588 niteant:
415 562 504 588 cum
521 549 642 588 veluti
661 549 818 588 centoni
834 563 1024 601 purpureus
1043 547 1111 585 late
1132 547 1188 600 qui
1201 546 1327 599 splen-

47 606 130 644 deat
149 619 239 643 unus
251 603 416 655 Affuitur
421 618 572 655 pannus.
593 602 666 642 Sed
678 603 828 641 intextus
844 604 987 653 vestibus
1002 601 1095 640 color
1107 600 1160 640 est
1182 600 1336 640 limbUS‘

46 669 272 711 purpureus
283 669 397 710 togae
410 669 598 702 attextus,
613 669 655 696 ut
668 657 705 695 in
723 667 929 709 praetexta.
946 655 1116 696 GRAEv.

104 713 179 751 ead.
191 712 216 750 l.
230 710 407 764 7.“Ἐφην)
422 710 482 751 Sic
499 724 572 764 pro
594 710 692 762 ἕχην
706 711 744 748 in
762 712 870 763 Amst.
888 711 946 749 ed.
966 709 1234 761 corrigendum
1249 707 1325 748 effe

47 776 260 810 monuerat
278 765 331 804 La
344 764 495 811 Croze,
515 765 628 818 idque
641 764 706 803 vel
724 777 773 803 ex
791 762 996 809 versione,
1009 776 1110 816 quae
1123 775 1248 802 tamen
1260 795 1271 811 ,
1288 774 1328 802 ut

47 819 125 864 dixi
134 847 147 867 ,
161 819 326 858 habebat
336 850 349 866 ‚
365 818 476 859 facile
490 830 571 858 erat
582 818 725 859 videre.
747 818 839 858 Edd.
854 829 982 857 autem
998 818 1143 870 priores
1156 816 1247 856 illud
1260 816 1325 867 ἔφη

50 873 126 913 iam
142 873 246 913 reue
259 873 442 912 habuere.
463 872 611 912 RmTz.

103 929 177 966 ead.
191 929 214 966 Ι.
229 942 243 966 ι
252 942 287 976 4.
299 927 450 981 Τέιχος)
463 927 611 979 Micyll.
623 926 784 965 brevitas.
799 924 917 966 Gesn.
929 926 1094 972 celeritas,
1106 925 1268 977 propius
1277 926 1323 964 ad

50 981 245 1022 Graecum
256 1011 267 1028 ‚
281 995 516 1035 quamquam
532 984 575 1021 τὶ
596 980 725 1033 τάχος
739 993 950 1033 utrumque
961 978 1249 1033 compleffitur:
1265 980 1327 1018 in-

48 1036 234 1088 telligitur
245 1037 348 1076 enim
362 1035 425 1075 illa
436 1034 644 1080 festinatio,
659 1048 738 1087 qua
753 1047 813 1074 res
829 1034 986 1074 minoris
1000 1035 1183 1074 momenti
1197 1033 1325 1072 obiter

0 1104 3 1105 ⁷
48 1101 271 1143 tangentes,
286 1089 329 1130 δι
350 1089 622 1130 verbositatem
639 1090 804 1128 vitantes
816 1119 826 1134 ,
850 1088 898 1127 ad
923 1087 1000 1141 ipsa
1023 1087 1122 1128 faeta
1144 1086 1327 1126 historica

50 1157 325 1199 properamus,
336 1144 445 1197 quod
460 1142 537 1196 ipse
550 1144 711 1196 exponit
724 1155 756 1183 c.
775 1157 821 1192 57
835 1141 860 1181 f.
876 1141 971 1195 Cap.
983 1155 1081 1182 vero
1101 1156 1164 1196 59,
1177 1141 1326 1194 ταχεῖς

49 1197 197 1239 ἔπαινοι
210 1199 252 1239 δι
264 1197 350 1251 467
358 1212 388 1237 οι
399 1228 410 1245 ,
423 1200 535 1237 breves
547 1208 651 1238 certe
665 1196 861 1250 fignificat.
878 1197 1023 1236 REITZ.

107 1253 198 1305 Pag.
215 1266 301 1301 214.
317 1254 341 1292 l.
363 1251 610 1304 ι4.“’ομηρος)
625 1251 769 1303 Tangit
786 1252 856 1290 hos
869 1252 1021 1304 quidem
1037 1251 1237 1289 Homerus
1249 1248 1272 1287 l.
1291 1262 1327 1288 c.

49 1306 125 1346 Sed
140 1319 260 1360 quam
274 1305 419 1346 sobrie!
432 1306 553 1359 Atqui
566 1305 659 1346 haec
674 1305 750 1358 ipsa
763 1318 889 1345 tamen
904 1318 1035 1344 notam
1050 1303 1260 1343 Aristarchi
1275 1302 1329 1352 ef-

50 1359 188 1414 fugere
201 1373 280 1400 non
294 1371 519 1414 potuerunt,
534 1361 602 1413 qui
617 1361 736 1399 notha
751 1373 796 1399 ea
803 1359 1062 1419 pronuntiare
1075 1357 1186 1397 ausus
1196 1356 1260 1397 est.
1271 1357 1328 1397 V.

50 1413 177 1456 Schol.
188 1414 338 1455 Pindari
351 1415 397 1454 ad
406 1413 512 1462 ΟΜ,
525 1429 560 1467 p.
572 1428 622 1453 m.
639 1428 682 1467 13
695 1414 744 1453 A.
756 1414 817 1454 Ct.
833 1414 952 1453 Hom.
963 1413 1002 1452 ll.
1016 1418 1059 1460 A,
1073 1411 1328 1465 575.SOLAN.

106 1472 180 1509 ead.
191 1469 215 1508 l.
235 1469 294 1509 16.
310 1467 516 1522 Παρθένιος)
533 1468 597 1508 De
613 1468 688 1508 hoc
708 1468 748 1507 &
767 1470 946 1521 sequente
958 1467 1214 1520 Euphorione
1230 1466 1328 1505 Sue-

49 1523 232 1566 ton.Tib.
245 1536 278 1564 c.
290 1537 354 1571 70.
366 1522 488 1563 Poeta
503 1523 542 1563 δι
556 1521 773 1568 historicus,
788 1520 963 1574 (v.Voff.
976 1521 1028 1567 ΙΙ,
1044 1520 1095 1574 1.)
1106 1521 1216 1560 cuius
1228 1519 1326 1559 liber

49 1577 135 1631 περὶ
149 1576 323 1630 ἐρωτικῶν
340 1576 576 1628 παθημάτων
595 1576 787 1629 hodieque
799 1575 940 1624 exstat,
957 1576 995 1614 in
1009 1587 1091 1628 quo
1106 1574 1328 1628 Euphorio-

48 1644 140 1672 nem
154 1631 360 1684 aliquoties
373 1631 514 1670 laudat.
541 1631 701 1671 SOLAN.

104 1686 142 1726 in
155 1687 271 1725 schol.
282 1685 346 1725 col.
367 1698 398 1724 1.
412 1687 435 1725 l.
454 1698 484 1724 1.
509 1684 660 1737 Λοπδις)
683 1684 820 1725 Suidas
833 1684 946 1723 λὸπον
965 1682 1029 1722 vel
1047 1684 1163 1720 λοπὸν
1187 1681 1299 1720 habet
1311 1711 1326 1726 ,

49 1739 162 1793 quod
171 1740 286 1780 etiam
302 1738 577 1792 significatione
589 1738 752 1778 multum
765 1736 891 1778 differt
903 1737 981 1776 ἀπὶ
990 1735 1056 1776 τοῦ
1065 1737 1207 1782 marias,
1219 1734 1327 1788 quod

53 1795 156 1848 apud
170 1794 321 1835 Siculos
336 1792 553 1847 praesertim
566 1793 732 1845 patellam
743 1822 756 1839 ‚
776 1792 877 1846 apud
891 1791 1046 1831 Atticos
1059 1799 1257 1844 praeterea
1275 1790 1328 1828 lu-

50 1850 186 1895 culum,
202 1848 363 1901 capulum
374 1846 574 1901 significat.
598 1846 728 1887 CLER.

108 1903 202 1954 Pag.
214 1917 235 1941 2
243 1916 258 1940 1
271 1916 302 1954 ς.
314 1902 338 1939 l.
353 1915 366 1939 1
376 1933 384 1941 .
395 1899 583 1954 Εὐφορίων)
591 1898 860 1946 Chalcidenfis,
872 1899 919 1938 de
928 1911 1011 1952 quo
1019 1896 1151 1937 suidas
1162 1896 1204 1936 &
1214 1894 1328 1936 Voff.

52 1955 99 1996 de
109 1956 194 1996 hist.
213 1955 283 1997 Gr.
294 1955 332 2001 1,
353 1957 397 1996 ¹6
409 1969 421 2003 ;
432 1967 512 1995 erat
526 1956 627 1994 enim
646 1956 686 1994 &
702 1956 821 2008 poeta
833 1954 876 1994 δι
888 1952 1099 1992 historicus.
1127 1951 1285 1990 SOLAN.

64 2044 67 2048 .
107 2011 190 2050 ibid.
213 2009 494 2061 Καλλίμαχος)
519 2008 583 2049 De
601 2009 828 2056 Callimacho,
849 2020 966 2059 quem
985 2006 1098 2046 hodie
1122 2005 1329 2051 habemus,

52 2076 134 2103 non
147 2075 259 2118 putat
277 2063 566 2115 intelligendum
587 2064 650 2102 liic
665 2061 851 2102 Nostrum
869 2061 931 2100 ΕΖ.
953 2059 1094 2114 Spanh.
1109 2060 1171 2098 vir
1184 2059 1230 2098 de
1245 2058 1330 2097 lite-

53 2117 104 2158 ris
118 2117 160 2158 δι
170 2119 216 2158 de
227 2117 327 2171 Rep.
338 2118 486 2169 optime
499 2118 671 2165 meritus,
685 2116 742 2170 (in
755 2116 908 2166 Hymn.
922 2115 999 2168 Ap.
1012 2112 1040 2154 f.
1055 2127 1068 2152 1
1083 2127 1096 2152 ι
1106 2112 1160 2166 2.)
1175 2111 1236 2152 sed
1250 2111 1328 2152 for-

53 2182 94 2212 te
111 2173 158 2212 de
176 2172 299 2212 altero
314 2172 469 2211 iuniore
483 2184 505 2211 e
526 2170 657 2211 sorore
678 2171 760 2210 eius
775 2181 869 2209 nato
880 2183 893 2217 3
909 2180 1146 2222 quamquam
1163 2165 1330 2206 fateatur

53 2225 157 2267 hunc
170 2225 249 2266 fere
261 2224 445 2278 designari
457 2259 468 2273 ‚
489 2238 580 2265 cum
597 2224 700 2265 nulla
715 2224 944 2264 aliaadditut·
957 2221 1201 2261 distin&ionis
1219 2231 1329 2260 nota.

55 2280 155 2320 Rem
172 2280 212 2320 &
225 2293 301 2333 ego
312 2280 351 2319 in
364 2279 490 2319 medio
510 2279 698 2332 relinquo.
726 2278 792 2318 De
809 2290 859 2317 eo
881 2288 1009 2316 tamen
1020 2274 1104 2316 Cas.
1119 2275 1165 2314 ad
1180 2274 1325 2314 Athen.

58 2347 146 2383 147.
170 2333 351 2387 (Constat
364 2363 377 2379 ‚
391 2332 647 2373 doetiffimum
662 2333 792 2372 virum
806 2330 1060 2371 calumniandi
1074 2328 1201 2368 ansam
1223 2328 1326 2366 invi-

53 2388 234 2428 dentibus
248 2386 470 2442 praebuiffe,
486 2387 593 2440 quod
607 2386 729 2427 multa
743 2386 910 2439 quidem,
924 2383 985 2424 sed
997 2384 1144 2430 brevia,
1157 2381 1327 2422 carmina

54 2442 194 2482 ederet.
208 2441 350 2482 Solitus
363 2441 486 2481 dicere
501 2441 775 2487 Callimachus,
789 2452 970 2491 magnum
985 2437 1125 2477 librum
1140 2449 1326 2488 magnum

56 2495 131 2536 effe
145 2497 288 2535 malum
305 2519 349 2526 —
368 2495 518 2534 tandem
536 2506 580 2534 ut
593 2507 639 2534 os
655 2495 855 2533 obturaret
871 2492 979 2532 malis
994 2491 1227 2537 hominibus,
1243 2502 1338 2528 ma-⁴

54 2562 171 2604 gnum
182 2553 323 2604 poema
331 2550 502 2589 Hecalen
513 2547 735 2601 inscriptum
744 2547 853 2588 coa&
859 2559 901 2587 us
909 2545 961 2588 est
967 2543 1324 2597 edere.)v.Athen.
