1841 3180
472 126 565 175 554
660 76 1552 160 ANNOTATIONES

467 199 551 239 Soli
570 211 778 252 cognatum
796 200 933 240 animal
946 215 954 238 :
969 197 1129 251 κόρὲωξ,
1141 197 1348 240 saltationis
1369 212 1514 253 genus,
1534 199 1562 240 fi
1587 200 1777 244 omnine>>

470 253 547 293 huc
569 254 774 307 pertineat,
790 254 890 294 forte
903 252 1089 293 referatur
1108 253 1153 292 ad
1172 253 1374 302 volucres,
1392 265 1458 293 aut
1477 254 1614 294 insecta
1635 269 1762 308 quae·>

470 307 573 353 dam,
588 321 691 360 quae
703 340 713 357 ‚
731 307 835 362 quafi
852 308 957 355 resti,
976 308 1101 346 choro
1114 308 1286 360 quodam
1309 320 1513 348 connexae
1535 307 1668 348 saltare
1683 323 1752 362 per

470 365 561 402 aera
577 363 770 402 videntur.
790 361 977 401 Ceterum
995 373 1094 414 quae
1109 359 1337 412 sequuntur,
1357 374 1401 401 ea
1426 375 1552 415 neque
1571 363 1762 415 Ἀεροκὸρι

472 416 570 467 sccii
585 430 710 469 neque
723 417 972 468 Ἀεροκὸραξιν
982 415 1171 469 applicare
1185 415 1349 468 possum,
1361 417 1400 455 δι
1414 416 1593 456 excidisse
1605 418 1761 470 aliquid

471 471 648 515 arbitror,
667 472 846 509 nimirum
861 469 1152 522 descriptionem
1169 468 1240 508 τῶν
1254 470 1498 522 ἀεροκοράκων
1511 482 1576 510 aut
1590 471 1763 524 ἀεροκορ..

468 524 612 570 θάκων,
626 537 693 563 aut
707 537 850 564 nomen
864 525 959 563 novi
975 523 1123 576 generis
1138 522 1400 564 monstrorum
1413 555 1423 573 ,
1442 525 1483 564 in
1499 525 1606 578 quod
1619 526 1761 579 proxi-v

475 591 537 617 nm
554 577 758 631 descriptio
772 579 992 618 conveniat.
1008 577 1137 618 GESN.
1745 593 1749 598 ·

525 633 562 670 in
581 634 694 671 Schol.
709 632 836 686 Ξστ’.)
848 633 890 671 In
903 633 1007 672 edito
1020 642 1128 672 erant
1139 641 1288 671 tantum
1304 630 1352 683 ξ’,
1364 631 1387 671 ἰ.
1400 644 1432 671 e.
1445 630 1650 685 sexaginta.
1665 633 1752 686 Ego

471 698 571 725 vero
588 685 674 737 ξο-τ’
691 687 795 733 cedi,
812 688 835 726 i.
854 700 889 726 e.
903 687 976 733 66,
992 699 1072 726 non
1087 685 1211 726 solum
1225 718 1235 734 ‚
1255 687 1346 739 quia
1359 686 1448 725 Exc.
1463 686 1513 727 G.
1530 686 1622 727 teste
1640 687 1754 728 Sola-

472 752 547 787 no,
564 741 617 778 ita
633 740 798 788 habent,
816 740 877 780 sed
893 741 933 780 &
955 737 1100 792 πήχεις
1120 740 1203 791 ἔστ’
1227 739 1327 780 Cod.
1343 740 1396 779 V.
1416 740 1519 779 Nam
1539 741 1626 781 licet
1647 742 1754 784 Suid.

473 794 584 846 (edit.
603 808 710 834 meae
727 794 866 848 Bafil.)
882 795 946 834 vel
966 796 1021 834 bis
1040 793 1166 834 dixiffe
1189 794 1337 848 legatur
1353 793 1506 846 πλέθρον
1521 795 1662 835 habere
1680 793 1756 838 mi-

471 863 560 901 χεις
577 848 649 899 fid,
668 849 705 888 id
727 859 855 889 tamen
868 848 1049 890 vitiosum
1064 848 1153 897 effe,
1165 848 1207 888 &
1219 862 1266 888 ex
1280 848 1527 901 sequentibus
1539 848 1652 889 facile
1669 863 1756 890 cor·
1787 875 1791 881 ·

471 903 690 954 rigendum,
709 914 883 956 apparet:
900 905 953 942 ait
966 905 1065 943 enim
1080 903 1227 951 Suidas‚
1242 902 1390 955 πλέθρον
1402 902 1476 943 effe
1492 902 1635 943 sextam
1652 903 1756 944 stadii

470 967 633 1009 partem.
649 957 821 997 Stadium
836 971 934 998 vero
946 957 1020 997 effe
1035 958 1409 1010 quadringentorum
1421 958 1659 998 cubitorum.
1673 958 1754 999 lam

472 1011 615 1050 dividas
630 1025 708 1060 400
730 1013 768 1051 in
783 1025 908 1065 partes
932 1012 1018 1058 seit,
1040 1013 1248 1062 prodibunt
1268 1012 1340 1059 66,
1355 1023 1446 1051 cum
1468 1011 1618 1052 duabus
1635 1013 1761 1053 tertiis

472 1066 644 1118 partibus
659 1065 837 1114 residuis,
853 1068 964 1106 cuius
980 1065 1117 1106 residui
1138 1067 1237 1106 ratio
1250 1079 1330 1105 non
1344 1066 1520 1114 habetur,
1541 1066 1603 1107 sed
1617 1079 1758 1111 nume*

473 1132 540 1159 rus
553 1121 741 1160 rotundus
754 1121 990 1174 exprimitur.
1004 1120 1152 1160 REITz.

531 1174 621 1227 Pag.
646 1189 733 1227 234.
755 1176 778 1214 l.
805 1190 838 1229 3.
861 1176 930 1215 Κιιὶ
954 1174 1152 1228 ὁβληθεὶς)
1175 1174 1254 1215 Ubi
1276 1174 1463 1227 legerem,
1485 1173 1664 1227 πόῤῥωθεν
1677 1176 1769 1229 γὰρ.

475 1227 696 1273 ἐσφενὸἑνων
717 1228 928 1280 ῥαφανίδας
951 1225 1226 1283 ὑπερμεγέθεις.
1252 1227 1267 1267 ὃ
1285 1227 1428 1274 βληθεὶς
1451 1226 1530 1268 ou's’
1552 1230 1614 1268 ἐπ’
1631 1230 1756 1283 ὀλίγον

474 1283 658 1335 ἀντέχειν
687 1282 859 1323 Ias-sirmo-
891 1284 1018 1324 emt'nus
1037 1283 1122 1323 enim
1143 1284 1382 1323 iaculabantur
1408 1285 1554 1337 grandes
1575 1286 1758 1324 admodum

475 1338 671 1388 raphanos:
696 1339 894 1378 vulneratus
914 1354 954 1377 ne
976 1338 1098 1390 exiguo
1121 1338 1252 1391 quidem
1272 1349 1414 1391 tempore
1426 1349 1561 1391 poterat
1571 1337 1731 1389 sustinere
1739 1353 1756 1386 ς

474 1402 656 1443 putaram
678 1392 852 1432 excidisse
871 1389 932 1440 ὧς,
947 1392 1011 1432 vel
1032 1393 1135 1432 aliud
1156 1391 1250 1446 quid
1261 1422 1272 1440 ‚
1288 1402 1333 1431 ut
1348 1391 1438 1432 effer
1454 1387 1502 1432 ὦς
1516 1391 1531 1430 ὃ
1545 1387 1700 1441 βλήθεὶς,
1719 1403 1767 1431 ut-

475 1446 690 1491 vulneratus,
703 1447 766 1487 vel
778 1446 958 1486 similiter.
974 1446 1047 1487 Sed
1058 1447 1199 1486 iterum
1214 1447 1274 1486 hic
1288 1445 1529 1499 agnoscenda
1541 1445 1613 1486 fuit
1625 1445 1768 1487 socer·-

475 1499 551 1546 dia,
568 1514 644 1552 qua
660 1500 888 1552 posteriores
901 1501 1090 1541 editiones
1103 1500 1188 1540 sunt
1202 1501 1400 1541 mutilatae
1413 1500 1454 1540 &
1467 1501 1638 1542 vitiatae.
1656 1500 1769 1548 Pri02-

473 1566 534 1592 res
550 1567 685 1594 omnes
701 1555 840 1594 habent
857 1556 919 1594 καὶ
933 1554 948 1593 ὃ
964 1555 1123 1602 βληθεὶς,
1138 1555 1252 1595 τεξὶε.
1269 1555 1377 1595 IENS.

533 1612 605 1647 cad.
621 1611 644 1648 l.
660 1624 696 1657 4.
712 1608 952 1662 Δυσοσμίσις)
968 1609 1084 1663 Angl.
1098 1609 1306 1649 suo-casim.
1319 1610 1495 1649 BOURD.

533 1666 607 1702 ead.
623 1665 645 1703 l.
661 1676 694 1714 5.
705 1663 837 1717 Χρέειν)
853 1665 905 1703 Ut
920 1664 958 1702 in
974 1664 1081 1716 Nigr.
1095 1663 1185 1703 &in
1199 1664 1306 1704 Tox.
1320 1663 1496 1706 Bonan.

535 1720 609 1756 ead.
620 1720 643 1757 l.
660 1732 674 1755 1
684 1731 716 1755 2.
729 1717 1032 1771 Κυνοπρὸσωποι)
1042 1717 1191 1758 Ctefiae
1203 1717 1471 1763 κυνοκεφάλους
1485 1717 1546 1758 hic
1557 1717 1697 1771 tangit,
1713 1718 1767 1759 de
1828 1726 1831 1770 Ἰ

478 1771 621 1823 quibus
632 1771 693 1811 ille
707 1772 827 1811 multa
839 1773 1057 1811 blateravit.
1067 1772 1168 1811 Vide
1179 1771 1310 1811 Photii
1322 1771 1521 1823 Excerpta.
1532 1772 1693 1812 SOLAN.

535 1827 610 1865 cad.
621 1827 645 1865 l.
662 1839 720 1879 13.
733 1826 932 1880 Κᾴκείνων)
949 1826 1080 1866 Vorst.
1094 1826 1268 1876 κᾷκεῖνοι.
1279 1825 1352 1866 Sed
1362 1826 1455 1865 nihil
1467 1839 1590 1866 muto.
1600 1826 1760 1868 SOLAN.

533 1880 624 1934 Pag.
641 1881 730 1929 236.
747 1881 770 1919 l.
787 1875 1006 1934 ς.“ομηρος)
1019 1881 1183 1920 Homer.
1196 1880 1238 1920 Il.
1251 1885 1307 1925 si,
1322 1893 1412 1932 459.
1428 1880 1588 1921 SOLAN.

534 1939 609 1973 ead.
621 1935 645 1972 l.
660 1933 800 1980 14³0&
814 1934 973 1988 ‘1’0sicov)
990 1935 1106 1987 Angl.
1121 1933 1268 1973 ‘Pasiam
1283 1934 1457 1975 BOURD.
1832 1976 1833 1979 ,

536 1989 616 2027 ibid.
631 1987 767 2028 ‘Posiou
789 1988 1004 2041 Κολοσσσῠ)
1020 1988 1084 2028 De
1105 1989 1220 2028 huius
1240 1988 1438 2029 altitudine
1461 1989 1562 2029 inter
1577 1989 1768 2042 antiquos.
1830 1988 1835 2040 g

421 2047 425 2051 '
481 2041 684 2094 scriptores
704 2055 786 2082 non
799 2042 1022 2083 conveniffe
1035 2043 1085 2082 ait
1102 2044 1184 2083 Leo
1198 2043 1375 2082 Allatius.
1389 2044 1540 2084 Verum
1554 2055 1657 2083 errat
1674 2046 1703 2083 is
1720 2058 1768 2084 e·-

478 2097 619 2149 gregie.
633 2096 772 2136 Strabo
791 2098 892 2137 enim
916 2111 1007 2137 eum
1029 2098 1135 2137 LXX
1155 2098 1310 2137 cubitos
1328 2099 1446 2137 altum
1468 2097 1614 2147 statuit,
1631 2097 1771 2139 Festus.

483 2164 583 2190 vero
598 2151 711 2204 pedes
722 2150 811 2191 CV.
826 2152 930 2191 Idem
945 2151 1026 2191 aliis
1039 2152 1168 2191 verbis
1181 2152 1332 2199 dicunt,
1349 2165 1438 2200 cum
1457 2152 1614 2192 cubitus
1630 2151 1675 2191 s1t
1694 2166 1763 2205 pes

484 2203 818 2258 sesquialter.Vide
832 2206 881 2246 A.
894 2206 945 2247 G.
962 2206 1121 2253 2666‚v
1130 2205 1192 2245 111.
1205 2205 1440 2258 Scaligerum
1454 2207 1647 2246 immerito
1661 2207 1770 2246 idem·

481 2260 615 2312 carpit,
631 2260 783 2312 pondus
792 2261 890 2300 aeris
902 2274 951 2300 ex
964 2273 1128 2300 numero
1140 2260 1377 2300 camelorum
1390 2261 1460 2300 rite
1473 2259 1764 2308 subducentem,

484 2326 564 2352 not.
581 2314 626 2352 ad
645 2313 780 2354 Euseb.
803 2314 949 2354 Chron.
964 2328 1047 2367 pag.
1065 2329 1150 2368 ¹37·
1172 2314 1236 2354 De
1257 2314 1470 2366 Quintaliis
1486 2328 1602 2368 quam
1623 2325 1769 2354 movet

484 2368 807 2414 controversiam,
822 2382 938 2421 penes
953 2380 1184 2409 mercatores
1197 2369 1378 2408 iudicium
1393 2369 1493 2409 esto:
1511 2369 1557 2408 de
1573 2367 1643 2408 usu
1656 2369 1765 2408 enim.

486 2422 597 2464 vocis
612 2435 692 2465 non
712 2423 883 2477 litigabo.
903 2422 1003 2465 Vide
1017 2434 1152 2464 notam
1173 2422 1342 2465 nostram
1362 2422 1407 2464 ad
1422 2429 1572 2478 Zvy‘yp.
1589 2435 1676 2478 cap.
1697 2436 1766 2477 23.
