1841 3180
481 120 570 181 566
677 113 1553 163 ANNOTATIONES

478 203 587 257 saepe
600 202 640 243 &
661 203 806 243 erudite
828 202 904 240 hoc
922 211 1042 252 genus
1055 200 1237 253 loquendi
1257 200 1482 240 illustratum
1505 201 1559 241 est
1578 201 1626 242 ab
1640 211 1750 255 prae-⁴

479 259 587 299 claris
614 256 793 309 ingeniis,
814 267 928 306 quam
954 264 995 293 ut
1016 266 1137 294 voces
1158 254 1364 306 postremas
1388 253 1641 309 intelligamus
1657 270 1747 297 cum

480 311 647 363 Micyllo
662 311 771 350 simul
787 309 825 348 &
838 306 1045 347 Benedicto
1059 307 1175 359 collisa
1189 309 1307 361 puppi.
1328 308 1473 349 Giton.

534 368 607 405 ead.
623 367 646 403 l.
660 364 694 402 8.
710 369 744 401 Π
747 363 883 413 ρὺμναν
895 360 1047 414 κρούειν)
1063 360 1339 414 Imperitiffime
1355 363 1539 410 vertitur,
1549 362 1589 402 αἱ
1599 363 1645 402 s&
1656 363 1747 415 πρύ-

480 434 575 470 μναν
591 417 838 469 ›epona-Acuent
854 414 1024 468 ἔφευγον,
1040 416 1182 466 reliquae
1198 416 1315 468 collifiz
1332 416 1623 470 puppifitgerunt.
1636 418 1748 458 Sicci-

483 473 552 512 ne?
569 471 694 512 collisa
714 471 831 522 puppi
852 481 1029 522 poterant
1052 469 1204 523 fugere?
1221 471 1363 519 Verte,
1384 471 1525 524 reliquae
1541 473 1638 511 remis
1658 473 1748 511 inlu'·

481 525 774 577 hcntesficgcrunt.
789 524 914 576 Quod
930 523 1090 564 Graecis
1104 524 1272 575 πρύμναιν
1286 524 1428 576 κρούειν,
1449 527 1523 564 hoc
1537 525 1680 565 Latinis
1692 528 1748 564 in·

483 581 588 619 hibere
603 579 710 617 remis.
726 577 827 617 Cum
842 577 936 616 olim
949 576 1077 629 fugam
1093 579 1319 617 molirentur
1333 579 1370 617 in
1385 580 1520 631 pugnis
1533 579 1751 628 navalibus,

482 646 563 672 non
578 631 765 672 conversa
779 632 869 671 navi
884 631 1103 683 fugiebant,
1118 630 1179 670 sed
1195 632 1375 684 paulatim
1393 644 1526 672 euntes
1537 633 1663 673 ceffim
1675 663 1687 682 ‚
1706 633 1748 673 ὃ(

482 687 599 726 remis
613 686 822 725 inhibentes
835 684 984 725 cursum
1006 686 1136 733 navis,
1151 698 1256 725 retro
1270 686 1526 738 navigabant,
1539 698 1582 726 ut
1601 688 1751 728 erudite

483 740 616 780 docuit
630 739 646 778 ὅ
661 741 762 778 πάνυ
777 739 803 778 1.
817 739 916 778 Frid.
936 738 1169 780 Gronovius
1188 739 1250 779 lib.
1266 739 1322 779 IV
1341 739 1549 780 Observat.
1563 753 1647 794 cap.
1665 741 1753 781 ulti-

483 807 551 833 mo
561 824 573 842 ,
586 806 701 846 quem
715 793 814 833 vide.
829 792 1001 833 GRAEV.

537 851 610 887 ead.
624 848 648 886 l.
668 861 681 885 1
695 861 726 887 1.
738 846 983 900 Κατέὸυσιιν)
996 846 1140 886 Paffive
1152 847 1316 900 accipias
1330 847 1473 888 neceffe
1488 848 1561 888 est:
1578 861 1665 889 nam
1681 861 1752 888 nu-

485 914 614 941 merus
634 914 714 940 non
739 902 891 954 patitur,
918 912 962 940 ut
982 901 1028 940 de
1048 901 1212 941 hostium
1233 901 1360 942 insulis
1379 902 1624 955 intelligatur,
1645 902 1752 955 quod
1807 907 1812 942 ³.

485 956 633 1009 priores
655 956 878 1008 interpretes
893 967 974 994 non
995 956 1354 996 animadverterant.
1375 956 1434 997 Sic
1455 956 1642 1008 Polyaen.
1660 955 1700 1005 Ι,
1715 970 1755 1010 p.
1808 955 1809 958 ’

485 1023 551 1061 77,
567 1010 607 1049 &
620 1008 762 1062 paffim.
778 1008 937 1049 SOI-AN.
1735 1015 1740 1019 “

1569 1096 1755 1109 —-

646 1148 717 1191 IN
752 1145 967 1192 VERAE
1003 1146 1352 1192 HISTORIAE
1390 1145 1501 1190 LIB.
1537 1145 1594 1190 11.

541 1226 631 1279 Pag.
647 1226 733 1279 263.
752 1225 776 1264 l.
795 1238 825 1264 ι.
849 1229 1074 1264 ΑΛΗΘΟὙΣ
1091 1225 1330 1272 ῙΣΤΟΡΙΑΣ)
1350 1222 1555 1277 Inscriptio
1575 1217 1755 1263 Scholio‘-

487 1292 571 1318 rum
585 1281 648 1318 hic
662 1277 790 1319 rursus
803 1291 883 1319 erat
896 1278 1064 1318 ἀληθινῶν
1080 1278 1179 1330 ‹Pm'y
1187 1278 1349 1328 ημοὶτων·
1365 1278 1441 1317 vid.
1461 1278 1581 1329 princ.
1597 1291 1612 1316 1
1629 1276 1753 1318 VER.

488 1332 623 1373 HIST.
638 1347 753 1387 quam
767 1334 911 1387 itaque,
924 1334 1019 1386 quia
1033 1332 1122 1371 nihil
1134 1333 1179 1372 ad
1193 1345 1271 1372 rem
1287 1330 1389 1381 facit,
1402 1333 1442 1371 in
1455 1331 1616 1372 Scholiis
1632 1331 1758 1372 omifi.

488 1387 629 1426 Rmz.

544 1446 617 1480 ead.
633 1442 655 1480 l.
671 1455 707 1494 9.
717 1438 940 1493 Ἀποθοινεῖν)
951 1440 1055 1479 Nihil
1072 1453 1171 1493 opus
1186 1439 1259 1480 efl'e
1271 1439 1326 1489 τῷ
1340 1437 1490 1490 ἔμελλε,
1505 1438 1613 1492 quod
1623 1431 1756 1479 Vorst.

488 1493 625 1547 ingerit
637 1525 647 1542 ‚
668 1495 873 1535 attendenti
896 1495 1060 1548 patebit:
1080 1484 1167 1533 latis
1189 1494 1293 1533 enim
1315 1494 1522 1534 commode
1533 1494 1578 1533 ad
1595 1492 1758 1545 διέγνω-

487 1563 556 1599 μεν
570 1548 732 1588 refertur
745 1550 802 1589 hic
815 1548 1042 1594 infinitivus,
1055 1548 1095 1587 &
1108 1548 1172 1588 vel
1182 1547 1233 1587 [ιε
1242 1548 1467 1601 elegantius,
1482 1560 1596 1600 quam
1610 1546 1638 1586 si
1652 1547 1758 1600 quid·

490 1616 605 1655 quam
619 1604 787 1642 addatur.
804 1603 863 1642 Sic
876 1602 953 1642 fere
964 1603 1104 1642 Athen.
1118 1603 1177 1641 VI
1188 1632 1201 1649 ,
1214 1615 1298 1655 pag.
1313 1603 1388 1651 246
1398 1601 1444 1642 C.
1460 1601 1674 1651 Συμπὸτοις
1687 1614 1761 1651 φη-
1817 1600 1823 1615 ‘

491 1657 531 1695 ol
547 1679 590 1686 --
607 1658 847 1711 συνάγεσθαι
862 1656 902 1707 ἐξ
917 1656 1077 1696 ἁπάσης
1089 1654 1154 1696 τῆς
1164 1657 1324 1705 πόλεως,
1337 1656 1397 1694 οὓς
1411 1656 1758 1709 προσαγορεύεσῇειι

490 1711 740 1762 γελοιαστάς.
761 1710 816 1749 Ita
832 1711 869 1750 δι
884 1709 1031 1750 Sallust.
1056 1710 1134 1762 lug.
1151 1723 1232 1764 cap.
1251 1724 1263 1748 1
1276 1725 1336 1763 13,
1351 1726 1368 1763 3
1385 1710 1553 1749 :Dicitur
1562 1711 1678 1762 ficum
1691 1710 1760 1762 ipse
1815 1714 1823 1749 ³.

492 1765 598 1802 multa
612 1765 814 1817 agitawffb,
831 1787 876 1794 —
893 1780 977 1824 quae
984 1765 1112 1815 scillcet
1124 1777 1248 1803 tacente
1269 1763 1361 1817 ipso,
1378 1765 1511 1803 occulta
1527 1765 1667 1815 penoris
1685 1780 1756 1817 pa·-
1812 1786 1824 1820 ;

489 1817 641 1870 tefeczffi.
656 1817 770 1857 Plura
792 1818 978 1858 adderem
997 1831 1037 1858 re
1059 1829 1153 1857 nota
1169 1831 1248 1857 non
1263 1818 1366 1857 libet.
1389 1817 1444 1857 At
1465 1818 1595 1870 potuit
1609 1817 1756 1857 Vorstii

490 1884 599 1911 mens
617 1871 743 1919 fuiffe,
759 1872 914 1922 ἔμελλεν
937 1872 1000 1910 hic
1015 1884 1082 1925 per
1096 1871 1241 1925 ellipsin
1262 1872 1568 1925 intelligendum,
1583 1871 1642 1912 uti
1663 1884 1759 1911 mox
1818 1862 1835 1901 ἦ

490 1922 645 1974 ἔμελλεν
670 1925 827 1967 ἔσεσθαι
849 1925 960 1980 plene
981 1926 1201 1966 enuntiatur
1209 1940 1222 1975 3
1248 1937 1412 1979 tumque
1434 1925 1528 1965 nihil
1548 1937 1685 1966 contra
1705 1926 1760 1966 di-

491 1991 552 2018 co.
572 1980 719 2019 REITz.
1812 1979 1825 2035 a}

547 2034 638 2085 Pag.
653 2035 741 2083 264.
756 2035 781 2074 l.
798 2049 833 2081 4.
847 2033 1054 2087 Μεγάλαις
1067 2032 1218 2087 domnis)
1234 2034 1352 2074 Hunc
1362 2032 1492 2074 locum
1508 2033 1547 2073 in
1567 2043 1756 2086 corrupto
1807 2046 1827 2081 ·¹,

491 2085 638 2127 Codice
656 2101 743 2128 cum
764 2087 906 2141 legisset
925 2088 1099 2128 Thomas
1124 2087 1318 2141 Magister,
1341 2088 1493 2128 incaute
1512 2086 1662 2128 secutus
1679 2086 1732 2128 est
1744 2117 1758 2134 ,

491 2154 611 2193 quam
625 2141 699 2182 illic
712 2142 957 2189 inveniebat,
976 2141 1208 2194 scripturam.
1223 2141 1353 2182 Nostri
1366 2141 1530 2182 Codices
1541 2153 1677 2182 ornnes
1691 2143 1759 2181 ha-
1820 2178 1821 2181 ,

490 2194 582 2234 bent
592 2197 807 2249 μεγάλαις,
823 2195 934 2236 reete.
947 2196 1106 2235 SOLAN.
1819 2194 1831 2206 ³

545 2251 618 2287 ead.
631 2251 653 2288 l.
672 2249 1004 2289 &mnemia-avve<
1023 2253 1066 2287 τὶ)
1085 2249 1225 2296 πλοῖον,
1239 2249 1302 2289 καὶ
1323 2249 1392 2289 Σιέι
1409 2248 1482 2289 τῶν
1503 2248 1755 2301 ἀραιωμάτων
1815 2242 1836 2277 ‡··

492 2301 777 2355 διαγαγόντες,
791 2303 831 2343 ἐκ
843 2304 912 2342 τῶν
926 2301 1080 2345 &sev-tm
1096 2303 1333 2356 ἐξάψαντες)
1345 2303 1446 2343 Cum
1459 2302 1653 2343 vertiffent
1667 2303 1727 2342 alii
1743 2334 1757 2353 ‚
1818 2296 1825 2325 ἶ

486 2369 550 2407 per
569 2359 736 2396 raritatem
759 2359 906 2397 dentium
926 2359 1096 2397 educentes
1119 2359 1152 2396 6·
1174 2358 1395 2410 explicantes,
1419 2357 1504 2396 inde
1524 2355 1754 2397 Benedidtus

489 2408 578 2450 fecit
603 2413 771 2452 deduffam
794 2412 830 2452 δ’
855 2412 1071 2466 explicatam.
1096 2411 1168 2453 Sed
1196 2411 1443 2453 turbatiffime
1473 2411 1534 2452 hic
1559 2422 1753 2467 nugantur
