1768 3185
156 159 228 207 IN
244 159 591 230 QUOMODO
610 159 773 207 HIST.
794 160 895 207 SIT
913 160 1174 210 CONSCR.
1241 183 1332 232 475

118 249 209 301 Pag.
226 246 310 287 162.
325 247 349 287 l.
365 261 397 287 1.
410 248 608 302 Κρανείου)
626 251 787 289 craneum
800 247 954 295 schola,
974 247 1037 288 seu
1055 249 1311 301 Gymnasium
1325 285 1337 303 ,

60 302 101 344 in
112 316 194 356 quo
202 301 402 355 Diogenes
413 301 575 353 degebat
586 316 673 344 ante
682 303 982 351 Corinthum,ut
996 302 1121 343 scribit
1131 305 1256 345 Laert.
1271 307 1338 348 lib.

59 357 88 396 6
98 386 112 404 ,
126 356 327 411 ἐτύγχανε
336 355 411 406 μὴν
424 354 633 410 αῧὸιάγων
649 357 684 396 ἒν
694 357 747 408 τῷ
765 359 919 410 Κρανείῳ
933 360 1001 409 πρὸ
1015 356 1082 396 τοῦ
1096 359 1252 410 Κορίνθου
1266 375 1336 412 ‘yv-

58 410 217 462 μνασίῳ.
229 408 377 450 COGN.
393 412 560 461 Κρανείου
574 412 633 450 edi
647 413 807 459 curavi,
823 425 894 465 pro
914 411 1079 463 vulgato
1092 408 1255 461 Κρανίου.
1279 414 1336 452 lta

60 465 164 505 enim
178 464 306 506 Laert.
322 476 439 517 quem
450 463 576 517 Cogn.
591 465 758 513 adduxit,
773 466 807 505 id
821 465 944 506 scribit
954 496 965 514 ,
979 465 1020 505 δι
1036 466 1088 505 ita
1102 466 1174 504 iam
1191 467 1337 507 editum

60 519 100 557 in
112 518 214 558 Dial.
226 517 390 566 Mort.1,
408 532 422 557 1
434 548 442 557 .
457 518 518 558 Sic
528 518 628 558 Suid.
644 521 820 573 Κρανείον·
832 522 966 571 φυτὸν,
980 521 1043 559 καὶ
1057 523 1101 558 τὶ
1113 520 1340 572 γυμνάσιόν·

58 584 152 612 nam
166 571 312 624 κρανίον
333 584 379 612 os
398 572 532 624 capitis
551 572 623 621 est,
638 572 662 612 s.
678 574 854 615 calvaries.
874 573 962 613 Vid.
979 573 1124 613 Polluc.
1138 573 1286 613 Onom.
1310 574 1338 614 fi

58 626 155 678 quid
177 637 295 678 opus:
313 626 406 678 quin
427 625 469 665 δι
490 628 590 679 apud
613 627 796 667 Nostrum
821 628 1012 666 interdum
1034 628 1136 667 recte
1157 627 1337 668 scribitur

60 679 251 731 Κρανείου,
273 680 392 719 modo
414 683 560 732 Κρανίου
584 681 623 720 in
639 682 823 721 omnibus
841 682 922 721 edd.
937 692 982 720 ut
1002 694 1085 734 cap.
1104 682 1172 720 ult.
1194 684 1334 722 vocab.

59 734 129 774 ult.
144 733 258 774 huius
269 735 522 786 προσΛαλιᾶς.
536 735 591 774 At
605 748 695 774 cum
711 734 843 775 Suidas
864 735 981 788 paulo
995 746 1083 776 ante
1097 736 1212 775 etiam
1232 737 1337 778 dixe·

57 789 109 828 rit
121 789 271 840 κρανίον,
292 789 424 834 τόπος,
445 789 565 827 videri
586 788 698 840 poffit
715 790 866 828 utrovis
889 790 1008 828 modo
1033 788 1154 829 scribi.
1172 790 1336 830 Praestat

56 853 187 882 tamen
199 840 433 883 differentiae
445 841 555 881 causa
569 844 734 893 Κρανείου
747 844 807 882 hic
820 843 861 883 δι
873 843 961 882 alibi
978 841 1141 883 scribere
1152 873 1164 889 ,
1181 845 1337 895 quando

58 896 108 935 de
123 894 345 947 Gymnasio
366 894 490 935 sermo
505 895 570 936 est.
585 896 657 936 Sed
678 896 718 936 δι
738 898 883 947 Κρανίον
898 897 1010 936 Sacra
1025 898 1134 937 aedes
1152 898 1189 935 in
1204 911 1338 937 monte

60 949 225 992 Calvan‘a
236 948 338 989 diere
351 948 558 999 aedificata,
575 962 617 989 ut
629 963 680 990 ex
693 950 848 1002 Cyrillo
864 949 1019 1004 aliisque
1030 962 1140 991 notat
1154 952 1272 992 nobil.
1286 953 1337 992 du

54 1001 201 1045 fresne
211 1004 251 1043 in
263 1002 426 1044 Gloffar.
441 1003 579 1044 Graec.
596 1004 740 1044 Rm‘rz.

111 1061 186 1097 ead.
198 1057 221 1096 l.
238 1069 271 1108 ς.
283 1061 448 1107 Κωμιιιὸν
459 1056 708 1111 ἓορυφόρημα)
721 1057 918 1098 Praeclare
925 1058 1126 1110 satellitium
1143 1059 1220 1100 hoc
1237 1060 1337 1100 comi-

56 1126 133 1151 cum
157 1109 359 1151 illustravit
371 1140 382 1159 ,
412 1111 452 1151 δι
479 1125 569 1153 cum
595 1114 846 1166 προσχήματι
865 1114 1036 1165 τραγικῷ
1069 1115 1335 1166 comparavit,

57 1164 309 1217 Spanhemius
320 1166 366 1206 ad
380 1165 627 1220 Aristophan.
641 1168 739 1207 Rari.
753 1181 843 1219 944.
861 1167 989 1208 GEsN.
1010 1168 1224 1208 Hemsterh.
1238 1180 1337 1207 orae

56 1220 116 1258 ed.
125 1219 273 1260 Graev.
284 1220 478 1260 adleverat
490 1222 697 1261 videndum
710 1221 845 1260 Ezech.
860 1222 1062 1273 Spanhem.
1074 1224 1120 1261 ad
1135 1221 1333 1275 Aristoph.

57 1273 159 1316 Ran-
176 1287 217 1313 v.
232 1287 323 1326 944.
337 1273 372 1314 Is
384 1287 484 1315 vero
497 1275 550 1314 ibi
564 1275 693 1321 docet,
705 1276 868 1328 tragicum
875 1276 1077 1327 satellitium
1093 1277 1137 1315 ad
1151 1289 1334 1330 pompam

57 1338 208 1368 tantum
224 1328 263 1367 in
283 1327 430 1369 scenam
446 1329 598 1380 prodire
610 1328 787 1375 solitum,
803 1343 848 1369 ac
872 1341 1023 1370 mutum
1040 1331 1090 1369 ibi
1105 1330 1252 1383 degisse.
1273 1332 1338 1370 co-

58 1382 180 1422 micum
190 1382 303 1435 itaque
310 1382 510 1434 satellitium
525 1384 623 1422 idem
636 1383 717 1422 erit.
731 1383 880 1423 Rlilrz.

113 1438 186 1475 ead.
199 1437 223 1487 l.
236 1437 272 1476 6.
285 1437 458 1489 Κεχῳνὼς
477 1436 626 1490 σιωπῇ)
642 1438 727 1478 Vid.
741 1436 839 1477 infra
850 1436 935 1490 Τοξ.
957 1451 988 1478 c.
1003 1451 1026 1487 9
1038 1468 1049 1487 ,
1066 1436 1106 1481 ὅ(
1122 1450 1201 1478 non
1221 1436 1336 1478 semel

57 1489 160 1530 alibi.
181 1489 339 1530 SOLAN.

111 1546 183 1583 ead.
201 1545 225 1584 l.
247 1557 302 1584 10.
321 1545 462 1593 Κυλίω)
479 1544 538 1584 Ita
549 1557 638 1585 cum
650 1544 750 1586 Cod.
762 1547 834 1586 W.
847 1543 918 1585 Ms.
936 1545 1035 1598 Reg.
1051 1544 1168 1599 2956,
1186 1544 1338 1591 melius,

57 1610 179 1651 quam
193 1598 301 1650 quod
315 1598 354 1638 in
365 1599 447 1639 edd.
461 1598 516 1639 est
525 1629 536 1647 ,
549 1599 677 1639 κυλίει.

111 1655 186 1691 ead.
200 1653 224 1691 l.
241 1665 254 1690 ι
267 1666 298 1691 ι.
316 1649 417 1692 om
430 1668 476 1692 or.
493 1653 705 1706 καρτερῶς)
720 1653 759 1693 Α
782 1652 931 1693 iuniore
940 1653 1120 1693 ·Luciano
1139 1652 1234 1692 haec
1247 1651 1337 1692 scri-

57 1716 124 1758 pta
140 1705 229 1746 hinc
240 1704 369 1746 forsan
381 1717 516 1756 erunt,
528 1708 595 1761 qui
607 1706 810 1760 colligant3
823 1706 884 1747 sed
897 1709 944 1747 de
955 1708 1038 1747 eius
1048 1719 1171 1746 aetate
1184 1706 1337 1746 aliunde.

57 1760 303 1802 iudicandum
317 1759 382 1800 est.
398 1760 428 1800 F
431 1761 544 1801 iffilia
564 1772 695 1800 autem
710 1761 790 1802 fere
803 1774 911 1801 erant
929 1762 1028 1813 apud
1045 1772 1195 1800 veteres
1216 1760 1332 1800 dolia.

59 1814 206 1855 Merito
218 1825 347 1854 tamen
362 1815 507 1854 dubitat
525 1816 732 1868 Menagius
742 1845 752 1862 ‚
766 1814 832 1868 (ad
844 1815 964 1867 Diog.
980 1815 1105 1855 Laert.
1124 1827 1159 1866 p.
1177 1828 1249 1866 137
1263 1813 1339 1867 D.)

58 1881 109 1908 an
126 1867 388 1921 Diogenicum
401 1869 512 1908 etiam
527 1868 641 1908 fiflile
653 1868 780 1909 fuerit.
799 1871 927 1922 Testam
939 1881 1066 1909 tamen
1080 1880 1200 1908 vocat
1215 1867 1334 1908 Iuve-

59 1921 153 1962 nalis
163 1952 175 1969 ‚
190 1922 267 1963 Sar.
280 1922 443 1971 le„v.
460 1922 548 1976 308.
563 1923 722 1963 SoLAN.

114 1979 189 2016 ead.
203 1977 226 2015 l.
242 1989 300 2029 13.
314 1977 471 2028 Συλλέγ
479 1990 528 2015 ειν
540 1979 595 2016 τὰ
609 1976 802 2030 ὄστρακα)
816 1977 1019 2023 Nimirum,
1034 1986 1169 2016 contra
1182 1975 1333 2015 hodier-

59 2043 158 2071 num
178 2029 348 2070 nostrum
372 2043 520 2070 morem
533 2060 547 2077 ,
567 2032 659 2070 dolia
679 2043 749 2070 tum
765 2030 944 2082 fhciebent
955 2030 1082 2082 figuli,
1098 2042 1141 2069 ut
1155 2029 1209 2070 est
1230 2030 1332 2083 apud

59 2085 282 2125 varronem
297 2084 346 2124 R.
363 2084 410 2123 R.
427 2099 463 2138 3,
481 2097 494 2122 ι
507 2098 541 2135 5,
554 2099 588 2124 2.
602 2084 866 2124 Add.Colum.
884 2099 929 2124 12
941 2115 951 2130 ‚
970 2099 1016 2138 54
1029 2115 1039 2130 ,
1057 2099 1089 2138 3.
1103 2084 1234 2125 rGEsN.

112 2140 186 2178 ead.
198 2139 225 2178 l.
241 2151 299 2187 ¹⁴·
314 2138 418 2191 Πῶς)
435 2138 472 2177 Ρ.
492 2138 533 2177 &
547 2139 588 2178 L.
606 2138 651 2178 In
665 2139 746 2178 aliis
761 2139 874 2178 ὅπως.
887 2138 1046 2178 SOLAN.

115 2195 189 2232 ead.
205 2194 229 2232 l.
247 2193 304 2232 16.
321 2191 472 2232 Καπνοῦ
492 2192 557 2232 καὶ
575 2192 775 2246 κύματος)
796 2194 942 2233 Locum
963 2194 1088 2240 hunc,
1110 2192 1177 2245 qui
1190 2205 1253 2231 me
1267 2190 1332 2231 diu

62 2245 243 2290 torserat,
258 2247 404 2297 aperuit
416 2246 570 2286 tandem
584 2248 644 2285 vir
654 2247 790 2287 doctus
801 2247 874 2287 Iac.
889 2248 1093 2299 Uptonus,
1105 2245 1271 2291 ostenso,
1285 2245 1333 2285 ad

59 2313 178 2352 quem
192 2300 323 2340 alludit
333 2330 346 2347 ,
360 2301 522 2341 Homeri
537 2301 627 2340 loco
639 2330 650 2346 ,
664 2300 760 2354 (Od.
774 2305 810 2339 M
821 2331 832 2346 ,
850 2315 871 2340 2
881 2301 957 2354 ¹9·)
974 2302 1039 2354 qui
1054 2299 1241 2354 inspeftus
1251 2312 1333 2340 rem

60 2365 184 2394 totam
198 2354 326 2394 statim
340 2354 496 2407 pulchre
511 2355 697 2408 expediet.
719 2354 892 2406 Scyllam
908 2367 952 2394 ut
966 2353 1154 2407 effugeret
1164 2386 1174 2401 ‚
1195 2354 1336 2407 guber-

61 2409 188 2448 natori
210 2409 385 2457 mandat,
399 2421 478 2449 non
498 2408 696 2462 Calypso,
718 2420 762 2449 ut
784 2408 982 2448 Aristoteli
1005 2409 1146 2448 excidit
1167 2407 1334 2448 scribere

62 2461 152 2508 Eth.
177 2463 212 2506 11
235 2461 305 2504 sub
323 2462 464 2514 finem,
482 2475 609 2518 neque
630 2462 766 2513 Circe,
789 2474 832 2505 ut
855 2462 1052 2517 Giphanio
1071 2475 1159 2503 eum
1184 2461 1333 2504 notanti
