1768 3185
246 113 348 160 IN
411 108 1176 158 HERMOTIMUM.
1262 129 1354 176 397

4 218 14 226 ·
80 200 124 239 di
138 200 316 240 minutias
327 199 577 252 corrigimus,
590 199 771 252 quamvis
792 198 926 238 millies
945 197 1062 253 λόγος
1081 213 1156 244 τις,
1170 198 1206 238 δι
1224 199 1356 240 similia

85 255 128 293 in
143 255 371 294 editionibus
384 254 426 294 δι
439 251 642 292 scholiastis
654 254 840 306 reperias,
855 252 897 291 δι
913 253 988 292 viri
1004 254 1116 292 etiarn
1131 253 1267 292 eruditi
1283 255 1355 293 ho-

85 307 145 347 die
156 307 226 346 fibi
242 309 280 347 in
295 308 350 346 his
363 307 532 360 apicibus
545 306 777 345 collocandis
792 319 871 346 non
885 305 1070 347 constent.
1086 306 1234 345 RE1Tz.

140 365 214 400 ead.
233 363 257 401 l.
280 375 339 400 12.
362 359 682 412 Συμπεσεῖσῧαι)
701 358 816 399 Conf.
834 357 933 399 infra
947 364 985 400 Z.
998 364 1117 414 pry.
1133 373 1164 400 c.
1184 374 1236 409 40
1254 360 1354 400 med.

82 413 133 456 Et
147 419 257 464 Γυμν.
271 414 332 464 ⁴38.
347 414 504 453 SOLAN.

139 470 212 507 ead.
228 469 252 507 l.
270 467 640 520 16.Ἐπισκόπησον)
657 466 809 519 Anglic.
828 466 1059 508 ἐπισκοπεῖς.
1074 467 1205 506 Mend.
1225 467 1264 505 in
1283 467 1354 507 hac

86 533 172 574 pag.
192 523 350 562 nomina
368 521 610 574 loquentium
628 522 734 560 varie
757 521 917 560 confusa
940 532 1060 561 erant.
1080 522 1253 561 Romu).
1278 520 1354 562 Re-

85 576 186 616 &ius
202 576 313 616 iidem
328 575 411 614 libri
425 574 644 614 ἐπισκοπεῖς
666 576 719 613 τὲι
729 575 974 627 γράμματα,
989 589 1061 628 pro
1083 575 1245 628 vulgato
1266 575 1353 614 ἐπι-

85 629 293 676 σιώπησον,
309 630 503 668 circumiens
522 629 658 681 inspicis
676 629 801 668 literas.
816 628 990 668 GRAEV.
1004 629 1120 682 Angl.
1142 629 1183 669 δι
1205 628 1274 670 Gr.
1288 630 1355 668 ad-

85 681 286 735 stipulatur
301 682 372 722 Ms.
389 682 485 735 Reg.
503 696 572 735 30¹
585 695 617 721 1.

140 736 232 790 Pag.
254 751 311 789 57.
325 738 348 774 l.
361 737 397 774 6.
409 735 555 775 Ἐκεῖνός
567 734 666 788 ἐστι)
678 735 783 787 Lego
796 735 824 774 εἰ
836 733 947 774 ἐκεῖνό
959 735 1054 776 ἐστι·
1074 734 1240 775 refertur
1249 738 1353 776 enim

83 789 185 829 haud
199 791 310 830 dubie
323 791 369 829 ad
384 790 564 842 γράμμα.
582 789 666 828 Nec
681 789 787 828 aliter
799 790 1039 841 interpretes,
1052 803 1152 843 quos
1167 791 1327 830 viderim
1340 821 1353 837 ,

79 844 174 883 licet
186 844 271 883 libri
282 856 416 883 omnes
431 843 581 883 servent
594 841 736 882 ἐκεῖνος.
748 842 875 882 GESN.
887 843 924 882 Si
936 843 1128 896 vulgatam
1144 843 1354 893 servamus,

84 897 217 937 ἐκεῖνος
229 896 470 938 referendum
489 897 535 937 ad
559 897 788 949 praecedens
808 895 982 949 ἔφεὲρος
998 910 1040 937 ut
1062 896 1189 937 sensus
1211 898 1254 936 sit
1267 929 1279 945 ,
1297 902 1356 947 etsi

84 951 248 990 inveneris
261 953 412 998 literam,
423 964 532 990 tamen
545 950 691 1002 nescias,
706 965 785 989 num
797 951 852 988 ille
857 951 995 1002 praeses
998 954 1063 1003 fit,
1082 967 1182 1004 penes
1194 968 1288 1004 quem
1301 954 1353 991 in-

81 1006 220 1046 -vetu'tur
230 1006 291 1044 illa
304 1006 400 1044 litera
410 1035 423 1050 ,
436 1003 460 1044 s.
471 1007 528 1058 qui
540 1006 712 1043 indicatur
721 1005 815 1042 litera
828 1005 890 1043 illa
901 1006 1046 1044 inventa.
1063 1005 1210 1045 REITZ.

139 1059 231 1111 pag.
249 1073 308 1112 59.
326 1059 349 1098 l.
370 1060 406 1098 6.
419 1057 707 1110 Ὀλυμπιάσιν)
724 1057 978 1111 Olympicum
1000 1072 1191 1099 certamen
1211 1060 1352 1112 quinto

83 1121 246 1165 quoque
260 1125 364 1152 anno
378 1111 461 1152 fieri
481 1111 625 1152 solebat
644 1111 683 1150 in
704 1113 892 1152 honorem
917 1113 1024 1153 [ovis
1040 1113 1265 1167 Olympici,
1282 1127 1355 1154 cu-

81 1166 140 1206 ius
153 1166 350 1206 au&orem
365 1166 569 1206 Herculem
586 1164 693 1205 fuisse
708 1178 854 1217 putant.
869 1166 1015 1206 COGN.

135 1224 209 1260 ead.
226 1221 249 1260 l.
264 1235 300 1272 9.
318 1219 390 1259 Μὲν
403 1219 508 1273 γὰρ)
525 1221 611 1259 Hae
625 1220 835 1273 particulae
849 1221 890 1260 δι
903 1221 989 1259 alibi
1002 1222 1185 1274 coniungi
1198 1233 1326 1261 amant
1339 1252 1351 1268 ,

80 1285 125 1314 ut
139 1273 237 1326 supr.
252 1275 298 1314 de
313 1275 483 1313 Merced.
499 1273 623 1313 Cond.
638 1286 673 1313 c.
689 1287 733 1321 17
749 1273 884 1313 versus
898 1273 964 1313 fin.
979 1275 1071 1315 Ibid.
1084 1288 1117 1315 c.
1136 1277 1183 1316 26
1198 1277 1293 1315 med.
1310 1276 1351 1315 δε

81 1341 133 1379 29
148 1341 204 1381 pr.
217 1341 262 1368 ac
276 1328 495 1381 ftequenter
508 1328 593 1366 alibi
606 1327 706 1381 apud
717 1328 753 1366 N
756 1328 901 1367 ostrum
913 1342 924 1377 ;
939 1342 1057 1382 quare
1070 1329 1121 1368 nil
1134 1342 1232 1370 curo
1241 1330 1355 1370 omis·

80 1380 228 1422 sionem
244 1382 314 1422 Ms.
331 1382 386 1421 Μ.
404 1382 552 1421 Rmrz.

134 1439 208 1475 ead.
223 1436 248 1475 l.
266 1449 324 1476 10.
336 1436 530 1487 Γράφωμεν
541 1435 557 1489 )
570 1434 626 1474 Ita
639 1447 798 1488 quoque
811 1435 850 1473 in
863 1434 961 1475 Cod.
977 1436 1033 1474 M.
1049 1435 1110 1476 sed
1122 1450 1145 1476 a
1160 1438 1351 1477 recentio-

81 1502 123 1529 re
134 1502 249 1530 manu
265 1489 354 1537 effe,
369 1488 530 1529 testatur
548 1489 729 1529 Solanus:
744 1502 864 1541 quare
876 1490 1048 1536 coniicit,
1062 1503 1109 1530 an
1123 1490 1248 1530 forsan
1260 1492 1353 1545 γρά-

80 1556 212 1595 φοιμεν
227 1543 407 1597 scriptum
421 1542 535 1582 fuerit
546 1572 558 1590 ,
572 1545 626 1582 uti
641 1543 758 1596 paulo
777 1542 869 1595 post.
885 1543 1031 1582 REITz.

135 1597 218 1636 ibid.
230 1600 277 1636 Tb
292 1597 337 1637 ss
359 1596 424 1650 Ζ.)
443 1597 627 1637 Procedet
642 1597 801 1636 Luciani
823 1597 941 1643 ratio,
956 1597 1076 1638 modo
1092 1596 1142 1637 fic
1164 1597 1351 1651 intelliga-

81 1661 160 1701 tur,
173 1662 216 1690 ut
241 1651 347 1703 inscio
366 1651 474 1690 iudice
488 1655 514 1690 Z
529 1651 682 1691 unicum
699 1650 745 1689 fit
765 1651 962 1690 iniectum:
980 1652 1073 1690 alias
1087 1652 1274 1691 claudicat
1291 1666 1352 1692 ar-

81 1706 339 1758 gumentatio.
355 1704 435 1745 Nisi
451 1715 578 1744 autem
592 1703 808 1744 adhaesisset
825 1705 877 1744 illi
896 1705 1180 1753 consuetudini,
1195 1719 1297 1758 quae
1310 1708 1350 1746 in

81 1759 178 1798 ludis
191 1759 408 1806 obtinebat,
420 1758 609 1798 dicturum
626 1757 733 1798 fuisse
747 1758 862 1810 longe
877 1758 1013 1798 clarius
1026 1758 1203 1798 existimo
1216 1789 1227 1805 ,
1242 1760 1351 1812 quin-

81 1825 159 1865 que
172 1813 370 1852 literarum
382 1813 485 1866 paria
496 1812 673 1858 immiffa,
685 1825 846 1864 quarum
863 1826 1007 1851 novem
1024 1813 1070 1850 ab
1086 1813 1251 1859 athletis,
1267 1826 1346 1852 una

82 1866 120 1905 in
133 1865 254 1906 fundo
268 1865 395 1906 reliEta
409 1896 419 1913 ‚
435 1866 656 1907 educantur.
669 1866 729 1906 Sic
744 1867 843 1905 enim
868 1879 1003 1910 nemo,
1019 1865 1086 1905 nlsl
1101 1867 1280 1906 omnibus
1295 1868 1350 1906 vi-

82 1919 130 1959 fis
142 1951 154 1969 ‚
167 1933 263 1974 quas
282 1920 447 1960 athletae
462 1919 580 1959 sortiti
596 1920 698 1966 sunt,
714 1919 946 1972 cognoscere
960 1931 1096 1973 queat,
1113 1922 1263 1960 cuinam
1278 1934 1349 1960 an-

81 1973 293 2028 tagonistae
306 1973 470 2013 solitaria
485 1974 545 2013 illa
557 1974 749 2026 obtigerit.
766 1974 922 2013 SOLAN.

137 2029 195 2066 Pa
219 2057 227 2067 .
245 2029 309 2068 60.
327 2028 351 2068 l.
364 2042 398 2080 3.
413 2027 608 2079 Κυνοιιέφ.)
623 2028 775 2067 Horum
795 2026 938 2079 figuras
950 2027 975 2067 fi
996 2028 1128 2067 videre
1143 2028 1247 2068 lubet
1257 2058 1269 2077 ,
1284 2028 1345 2068 adi

82 2081 175 2121 Men
194 2094 254 2121 am
268 2080 424 2121 Ifiacam
440 2081 606 2134 Pignorii
617 2112 628 2129 ‚
644 2082 685 2121 δι
697 2082 940 2120 Kircherum.
954 2082 1113 2120 SOLAN.

137 2135 227 2189 Pag.
245 2136 309 2175 61.
323 2136 346 2174 l.
363 2149 396 2188 5.
412 2135 630 2182 Φιλοσοφίας
651 2134 760 2187 πέρι)
782 2134 860 2174 lam
880 2135 982 2175 reue
1004 2135 1045 2174 &
1065 2135 1280 2175 constanter
1296 2135 1346 2177 fic

82 2187 371 2242 praepositionis
385 2199 544 2229 accentu
558 2199 714 2241 propter
726 2188 979 2242 anastrophen
997 2199 1145 2228 mutato
1165 2190 1347 2230 exhibent

82 2243 164 2282 edd.
176 2241 291 2282 Conf.
304 2241 414 2296 supra
426 2256 457 2283 c.
471 2256 518 2281 20
528 2273 539 2291 ‚
553 2243 680 2295 ibique
693 2242 896 2283 adduEtum
910 2243 1083 2282 lensium.
1103 2244 1249 2283 Rem.

137 2298 211 2335 ead.
223 2297 247 2335 l.
263 2297 299 2337 6.
314 2295 470 2350 Πασῶν)
483 2296 604 2335 Notat
619 2295 781 2336 Solanus
798 2297 835 2335 in
848 2297 919 2336 W.
937 2297 1093 2349 reperiri
1108 2298 1258 2345 πασῶν,
1273 2298 1344 2337 ad-

80 2349 211 2402 ditque
222 2350 259 2389 id
269 2362 405 2390 verum
416 2364 428 2398 ;
438 2351 626 2390 editiones
639 2361 767 2389 autem
779 2363 900 2403 prave
912 2352 1060 2389 πάντων
1070 2351 1205 2404 legere.
1219 2350 1346 2403 Quod

80 2402 257 2453 mirabar,
270 2416 358 2446 cum
377 2403 473 2445 lens.
487 2404 524 2444 in
537 2403 699 2444 Ferculo
720 2403 814 2444 liter.
827 2416 913 2458 pag.
928 2418 1020 2459 245,
1034 2405 1099 2445 ubi
1118 2404 1218 2446 lefit.
1233 2406 1345 2446 huius
