<?xml version="1.0" encoding="UTF-8"?>
<!DOCTYPE html PUBLIC "-//W3C//DTD XHTML 1.0 Transitional//EN"
    "http://www.w3.org/TR/xhtml1/DTD/xhtml1-transitional.dtd">
<html xmlns="http://www.w3.org/1999/xhtml" xml:lang="en" lang="en">
 <head>
  <title>
</title>
<meta http-equiv="Content-Type" content="text/html;charset=utf-8" />
  <meta name='ocr-system' content='tesseract 3.04.00' />
  <meta name='ocr-capabilities' content='ocr_page ocr_carea ocr_par ocr_line ocrx_word'/>
</head>
<body>
  <div class='ocr_page' id='page_1' title='image "./operagraeceetlat04luciuoft/operagraeceetlat04luciuoft_0044.png"; bbox 0 0 1955 3507; ppageno 0'>
   <div class='ocr_carea' id='block_1_1' title="bbox 534 826 592 873">
    <p class='ocr_par' dir='ltr' id='par_1_1' title="bbox 534 826 592 873">
     <span class='ocr_line' id='line_1_1' title="bbox 534 826 592 873; baseline -0.034 0"><span class='ocrx_word' id='word_1_1' title='bbox 534 826 592 873; x_wconf 85' lang='lat'>28</span> 
     </span>
    </p>
   </div>
   <div class='ocr_carea' id='block_1_2' title="bbox 619 267 1573 334">
    <p class='ocr_par' dir='ltr' id='par_1_2' title="bbox 619 267 1573 334">
     <span class='ocr_line' id='line_1_2' title="bbox 619 267 1573 334; baseline -0.008 -15"><span class='ocrx_word' id='word_1_2' title='bbox 619 273 676 334; x_wconf 78' lang='lat'>36</span> <span class='ocrx_word' id='word_1_3' title='bbox 924 267 1573 314; x_wconf 77' lang='lat' dir='ltr'>LuclAN1</span> 
     </span>
    </p>
   </div>
   <div class='ocr_carea' id='block_1_3' title="bbox 614 361 1886 1571">
    <p class='ocr_par' dir='ltr' id='par_1_3' title="bbox 616 361 1880 661">
     <span class='ocr_line' id='line_1_3' title="bbox 616 361 1878 436; baseline -0.002 -20"><span class='ocrx_word' id='word_1_4' title='bbox 616 370 734 436; x_wconf 71' lang='grc' dir='ltr'>ρινόος</span> <span class='ocrx_word' id='word_1_5' title='bbox 753 368 838 432; x_wconf 78' lang='grc' dir='ltr'>μία</span> <span class='ocrx_word' id='word_1_6' title='bbox 857 365 977 416; x_wconf 73' lang='grc' dir='ltr'>ἐστίν.</span> <span class='ocrx_word' id='word_1_7' title='bbox 1000 370 1047 415; x_wconf 83' lang='grc' dir='ltr'>αἱ</span> <span class='ocrx_word' id='word_1_8' title='bbox 1067 364 1108 414; x_wconf 65' lang='grc' dir='ltr'>δ’</span> <span class='ocrx_word' id='word_1_9' title='bbox 1128 361 1276 414; x_wconf 66' lang='grc' dir='ltr'>ἄλλαι</span> <span class='ocrx_word' id='word_1_10' title='bbox 1296 363 1553 426; x_wconf 71' lang='grc' dir='ltr'><em>πανταχόσε</em></span> <span class='ocrx_word' id='word_1_11' title='bbox 1569 363 1769 432; x_wconf 63' lang='grc' dir='ltr'>μᾶλλον,</span> <span class='ocrx_word' id='word_1_12' title='bbox 1786 386 1810 423; x_wconf 86' lang='grc' dir='ltr'><em>η</em></span> <span class='ocrx_word' id='word_1_13' title='bbox 1826 369 1878 421; x_wconf 78' lang='grc' dir='ltr'>εἷς</span> 
     </span>
     <span class='ocr_line' id='line_1_4' title="bbox 617 437 1876 512; baseline -0.001 -20"><span class='ocrx_word' id='word_1_14' title='bbox 617 441 842 512; x_wconf 74' lang='grc' dir='ltr'>Κόρινθον</span> <span class='ocrx_word' id='word_1_15' title='bbox 823 463 1022 504; x_wconf 79' lang='grc' dir='ltr'>αγουσιν,</span> <span class='ocrx_word' id='word_1_16' title='bbox 1053 447 1084 490; x_wconf 77' lang='grc' dir='ltr'>εἰ</span> <span class='ocrx_word' id='word_1_17' title='bbox 1111 462 1171 508; x_wconf 73' lang='grc' dir='ltr'>μη</span> <span class='ocrx_word' id='word_1_18' title='bbox 1195 463 1255 496; x_wconf 77' lang='grc' dir='ltr'>τις</span> <span class='ocrx_word' id='word_1_19' title='bbox 1283 437 1385 490; x_wconf 76' lang='grc' dir='ltr'>οὕτω</span> <span class='ocrx_word' id='word_1_20' title='bbox 1413 440 1586 509; x_wconf 67' lang='grc' dir='ltr'>σφοὸρα</span> <span class='ocrx_word' id='word_1_21' title='bbox 1608 443 1876 510; x_wconf 55' lang='lat' dir='ltr'>“rapam-otim,</span> 
     </span>
     <span class='ocr_line' id='line_1_5' title="bbox 619 511 1880 604; baseline -0.003 -37"><span class='ocrx_word' id='word_1_22' title='bbox 619 518 674 573; x_wconf 79' lang='grc' dir='ltr'>ὡς</span> <span class='ocrx_word' id='word_1_23' title='bbox 695 516 866 567; x_wconf 63' lang='grc' dir='ltr'>οἴεσθαι</span> <span class='ocrx_word' id='word_1_24' title='bbox 884 538 959 566; x_wconf 82' lang='grc' dir='ltr'>και</span> <span class='ocrx_word' id='word_1_25' title='bbox 979 539 1045 574; x_wconf 84' lang='grc' dir='ltr'>την</span> <span class='ocrx_word' id='word_1_26' title='bbox 1066 522 1120 571; x_wconf 75' lang='grc' dir='ltr'>εἷς</span> <span class='ocrx_word' id='word_1_27' title='bbox 1137 514 1460 604; x_wconf 66' lang='grc' dir='ltr'>“Υπερβορέους,</span> <span class='ocrx_word' id='word_1_28' title='bbox 1483 538 1559 566; x_wconf 79' lang='grc' dir='ltr'>και</span> <span class='ocrx_word' id='word_1_29' title='bbox 1579 538 1646 575; x_wconf 85' lang='grc' dir='ltr'>την</span> <span class='ocrx_word' id='word_1_30' title='bbox 1667 521 1722 571; x_wconf 80' lang='grc' dir='ltr'>εἰς</span> <span class='ocrx_word' id='word_1_31' title='bbox 1736 511 1880 571; x_wconf 70' lang='grc' dir='ltr'>Ἰνὸους</span> 
     </span>
     <span class='ocr_line' id='line_1_6' title="bbox 616 586 1348 661; baseline 0 -21"><span class='ocrx_word' id='word_1_32' title='bbox 616 591 839 656; x_wconf 66' lang='grc' dir='ltr'>ἄγουσαν,</span> <span class='ocrx_word' id='word_1_33' title='bbox 863 599 916 649; x_wconf 74' lang='grc' dir='ltr'>εἰς</span> <span class='ocrx_word' id='word_1_34' title='bbox 938 590 1116 661; x_wconf 69' lang='grc' dir='ltr'>Κόρινθον</span> <span class='ocrx_word' id='word_1_35' title='bbox 1136 586 1348 642; x_wconf 67' lang='grc' dir='ltr'>στέλλειν.</span> 
     </span>
    </p>

    <p class='ocr_par' dir='ltr' id='par_1_4' title="bbox 615 661 1880 806">
     <span class='ocr_line' id='line_1_7' title="bbox 692 661 1880 732; baseline -0.002 -15"><span class='ocrx_word' id='word_1_36' title='bbox 692 684 808 719; x_wconf 84' lang='grc' dir='ltr'><strong>ΕΡΜ.</strong></span> <span class='ocrx_word' id='word_1_37' title='bbox 841 664 934 718; x_wconf 63' lang='lat' dir='ltr'>Koa</span> <span class='ocrx_word' id='word_1_38' title='bbox 954 690 1046 723; x_wconf 76' lang='grc' dir='ltr'>πως</span> <span class='ocrx_word' id='word_1_39' title='bbox 1075 664 1146 716; x_wconf 84' lang='grc' dir='ltr'>οἱον</span> <span class='ocrx_word' id='word_1_40' title='bbox 1168 688 1235 720; x_wconf 82' lang='grc' dir='ltr'>τε,</span> <span class='ocrx_word' id='word_1_41' title='bbox 1262 671 1295 715; x_wconf 80' lang='grc' dir='ltr'><em>ὠ</em></span> <span class='ocrx_word' id='word_1_42' title='bbox 1275 661 1499 725; x_wconf 70' lang='grc' dir='ltr'>Λυκῖνες</span> <span class='ocrx_word' id='word_1_43' title='bbox 1528 670 1652 724; x_wconf 83' lang='grc' dir='ltr'>αλλη</span> <span class='ocrx_word' id='word_1_44' title='bbox 1673 687 1764 732; x_wconf 77' lang='grc' dir='ltr'>’γαρ</span> <span class='ocrx_word' id='word_1_45' title='bbox 1791 667 1880 716; x_wconf 82' lang='grc' dir='ltr'>αλ·</span> 
     </span>
     <span class='ocr_line' id='line_1_8' title="bbox 615 742 929 806; baseline 0 -14"><span class='ocrx_word' id='word_1_46' title='bbox 615 742 789 805; x_wconf 74' lang='grc' dir='ltr'>λαχᾶσε</span> <span class='ocrx_word' id='word_1_47' title='bbox 812 764 929 806; x_wconf 77' lang='grc' dir='ltr'>αγει.</span> 
     </span>
    </p>

    <p class='ocr_par' dir='ltr' id='par_1_5' title="bbox 614 813 1886 1571">
     <span class='ocr_line' id='line_1_9' title="bbox 690 813 1885 888; baseline -0.003 -18"><span class='ocrx_word' id='word_1_48' title='bbox 690 834 805 870; x_wconf 87' lang='grc' dir='ltr'>ΛΥΚ</span> <span class='ocrx_word' id='word_1_49' title='bbox 827 813 1071 872; x_wconf 78' lang='grc' dir='ltr'>Οὐκουν,</span> <span class='ocrx_word' id='word_1_50' title='bbox 1039 842 1070 867; x_wconf 82' lang='grc' dir='ltr'><em>ω</em></span> <span class='ocrx_word' id='word_1_51' title='bbox 1086 829 1202 868; x_wconf 78' lang='grc' dir='ltr'>καλε</span> <span class='ocrx_word' id='word_1_52' title='bbox 1219 816 1443 888; x_wconf 49' lang='lat' dir='ltr'>Emoniia</span> <span class='ocrx_word' id='word_1_53' title='bbox 1456 854 1466 870; x_wconf 88' lang='lat'>‚</span> <span class='ocrx_word' id='word_1_54' title='bbox 1482 820 1525 868; x_wconf 81' lang='grc' dir='ltr'>οὐ</span> <span class='ocrx_word' id='word_1_55' title='bbox 1540 839 1698 888; x_wconf 73' lang='grc' dir='ltr'>μικρας</span> <span class='ocrx_word' id='word_1_56' title='bbox 1711 816 1775 867; x_wconf 69' lang='grc' dir='ltr'>ὃει</span> <span class='ocrx_word' id='word_1_57' title='bbox 1782 817 1885 877; x_wconf 74' lang='grc' dir='ltr'>βου·-</span> 
     </span>
     <span class='ocr_line' id='line_1_10' title="bbox 614 883 1885 965; baseline -0.003 -20"><span class='ocrx_word' id='word_1_58' title='bbox 614 908 693 954; x_wconf 84' lang='grc' dir='ltr'>λνς</span> <span class='ocrx_word' id='word_1_59' title='bbox 713 892 782 944; x_wconf 73' lang='grc' dir='ltr'>ἐπι</span> <span class='ocrx_word' id='word_1_60' title='bbox 803 917 869 944; x_wconf 73' lang='grc' dir='ltr'>τνν</span> <span class='ocrx_word' id='word_1_61' title='bbox 891 895 1041 965; x_wconf 48' lang='lat' dir='ltr'>dipem</span> <span class='ocrx_word' id='word_1_62' title='bbox 1057 916 1133 945; x_wconf 84' lang='grc' dir='ltr'>των</span> <span class='ocrx_word' id='word_1_63' title='bbox 1154 892 1248 944; x_wconf 70' lang='grc' dir='ltr'>ὁὸων</span> <span class='ocrx_word' id='word_1_64' title='bbox 1263 914 1308 944; x_wconf 80' lang='grc' dir='ltr'>τε</span> <span class='ocrx_word' id='word_1_65' title='bbox 1321 930 1331 947; x_wconf 91' lang='grc'><em>,</em></span> <span class='ocrx_word' id='word_1_66' title='bbox 1350 898 1428 943; x_wconf 72' lang='grc' dir='ltr'>καὶ</span> <span class='ocrx_word' id='word_1_67' title='bbox 1447 892 1669 960; x_wconf 71' lang='grc' dir='ltr'>ἡγεμόνων.</span> <span class='ocrx_word' id='word_1_68' title='bbox 1688 883 1775 943; x_wconf 62' lang='grc' dir='ltr'>οὐδε</span> <span class='ocrx_word' id='word_1_69' title='bbox 1791 914 1885 943; x_wconf 80' lang='grc' dir='ltr'>του-</span> 
     </span>
     <span class='ocr_line' id='line_1_11' title="bbox 615 964 1884 1039; baseline -0.002 -18"><span class='ocrx_word' id='word_1_70' title='bbox 615 994 660 1021; x_wconf 84' lang='grc' dir='ltr'>το</span> <span class='ocrx_word' id='word_1_71' title='bbox 681 965 785 1030; x_wconf 71' lang='grc' dir='ltr'>δη</span> <span class='ocrx_word' id='word_1_72' title='bbox 745 993 790 1020; x_wconf 84' lang='grc' dir='ltr'>το</span> <span class='ocrx_word' id='word_1_73' title='bbox 817 994 887 1020; x_wconf 83' lang='grc' dir='ltr'>του</span> <span class='ocrx_word' id='word_1_74' title='bbox 914 969 1049 1033; x_wconf 78' lang='grc' dir='ltr'>λογου</span> <span class='ocrx_word' id='word_1_75' title='bbox 1080 990 1328 1039; x_wconf 74' lang='grc' dir='ltr'>ποιησομεν,</span> <span class='ocrx_word' id='word_1_76' title='bbox 1355 964 1503 1019; x_wconf 84' lang='grc' dir='ltr'>ενθα</span> <span class='ocrx_word' id='word_1_77' title='bbox 1477 975 1528 1019; x_wconf 80' lang='grc' dir='ltr'>αν</span> <span class='ocrx_word' id='word_1_78' title='bbox 1556 969 1673 1037; x_wconf 73' lang='grc' dir='ltr'><em>ἡμας</em></span> <span class='ocrx_word' id='word_1_79' title='bbox 1703 973 1736 1018; x_wconf 80' lang='grc' dir='ltr'>οἱ</span> <span class='ocrx_word' id='word_1_80' title='bbox 1760 967 1884 1025; x_wconf 66' lang='grc' dir='ltr'><em>πόδες</em></span> 
     </span>
     <span class='ocr_line' id='line_1_12' title="bbox 617 1040 1883 1116; baseline -0.002 -20"><span class='ocrx_word' id='word_1_81' title='bbox 617 1042 818 1116; x_wconf 65' lang='grc' dir='ltr'>φέρωσιν,</span> <span class='ocrx_word' id='word_1_82' title='bbox 847 1047 980 1096; x_wconf 70' lang='grc' dir='ltr'>ἐκεῖσε</span> <span class='ocrx_word' id='word_1_83' title='bbox 1001 1066 1176 1113; x_wconf 69' lang='grc' dir='ltr'>απιμεν.</span> <span class='ocrx_word' id='word_1_84' title='bbox 1200 1042 1290 1095; x_wconf 70' lang='grc' dir='ltr'>ἔπει</span> <span class='ocrx_word' id='word_1_85' title='bbox 1314 1054 1499 1113; x_wconf 73' lang='grc' dir='ltr'>λήσομεν</span> <span class='ocrx_word' id='word_1_86' title='bbox 1521 1040 1669 1101; x_wconf 70' lang='grc' dir='ltr'>οὑτως,</span> <span class='ocrx_word' id='word_1_87' title='bbox 1697 1041 1788 1094; x_wconf 75' lang='grc' dir='ltr'>ἀντι</span> <span class='ocrx_word' id='word_1_88' title='bbox 1812 1065 1883 1104; x_wconf 79' lang='grc' dir='ltr'>της</span> 
     </span>
     <span class='ocr_line' id='line_1_13' title="bbox 617 1112 1883 1193; baseline -0.001 -21"><span class='ocrx_word' id='word_1_89' title='bbox 617 1130 672 1178; x_wconf 77' lang='grc' dir='ltr'>εἷς</span> <span class='ocrx_word' id='word_1_90' title='bbox 689 1121 868 1193; x_wconf 77' lang='grc' dir='ltr'>Κορινθον</span> <span class='ocrx_word' id='word_1_91' title='bbox 897 1118 1108 1185; x_wconf 63' lang='grc' dir='ltr'>αγούσης,</span> <span class='ocrx_word' id='word_1_92' title='bbox 1134 1143 1201 1179; x_wconf 86' lang='grc' dir='ltr'>την</span> <span class='ocrx_word' id='word_1_93' title='bbox 1227 1117 1296 1171; x_wconf 69' lang='grc' dir='ltr'>ἔπι</span> <span class='ocrx_word' id='word_1_94' title='bbox 1322 1112 1656 1181; x_wconf 76' lang='grc' dir='ltr'>Βαβυλωνος,</span> <span class='ocrx_word' id='word_1_95' title='bbox 1633 1143 1655 1180; x_wconf 83' lang='grc' dir='ltr'><em>η</em></span> <span class='ocrx_word' id='word_1_96' title='bbox 1682 1117 1883 1190; x_wconf 76' lang='grc' dir='ltr'>Βακτρων</span> 
     </span>
     <span class='ocr_line' id='line_1_14' title="bbox 616 1189 1884 1263; baseline 0 -17"><span class='ocrx_word' id='word_1_97' title='bbox 616 1198 819 1253; x_wconf 75' lang='grc' dir='ltr'>απιὸντες.</span> <span class='ocrx_word' id='word_1_98' title='bbox 857 1189 947 1247; x_wconf 66' lang='grc' dir='ltr'>οὐδε</span> <span class='ocrx_word' id='word_1_99' title='bbox 977 1220 1066 1263; x_wconf 73' lang='grc' dir='ltr'>’γαρ</span> <span class='ocrx_word' id='word_1_100' title='bbox 1097 1196 1183 1247; x_wconf 63' lang='grc' dir='ltr'>οὐδ’</span> <span class='ocrx_word' id='word_1_101' title='bbox 1214 1197 1334 1247; x_wconf 72' lang='grc' dir='ltr'>ἐκεῖνο</span> <span class='ocrx_word' id='word_1_102' title='bbox 1362 1208 1515 1253; x_wconf 82' lang='grc' dir='ltr'><em>καλως</em></span> <span class='ocrx_word' id='word_1_103' title='bbox 1550 1217 1664 1258; x_wconf 78' lang='grc' dir='ltr'>εχει,</span> <span class='ocrx_word' id='word_1_104' title='bbox 1700 1198 1750 1259; x_wconf 64' lang='grc' dir='ltr'>τῇ</span> <span class='ocrx_word' id='word_1_105' title='bbox 1774 1217 1884 1261; x_wconf 76' lang='grc' dir='ltr'><em>τυχῃ</em></span> 
     </span>
     <span class='ocr_line' id='line_1_15' title="bbox 616 1267 1885 1343; baseline -0.001 -21"><span class='ocrx_word' id='word_1_106' title='bbox 616 1269 870 1343; x_wconf 68' lang='grc' dir='ltr'>ἐπιτρέπειν,</span> <span class='ocrx_word' id='word_1_107' title='bbox 899 1296 954 1330; x_wconf 83' lang='grc' dir='ltr'>ως</span> <span class='ocrx_word' id='word_1_108' title='bbox 972 1295 1103 1335; x_wconf 79' lang='grc' dir='ltr'><em>ταχα</em></span> <span class='ocrx_word' id='word_1_109' title='bbox 1123 1294 1173 1323; x_wconf 89' lang='grc' dir='ltr'>αν</span> <span class='ocrx_word' id='word_1_110' title='bbox 1197 1295 1264 1333; x_wconf 82' lang='grc' dir='ltr'>την</span> <span class='ocrx_word' id='word_1_111' title='bbox 1290 1276 1457 1342; x_wconf 73' lang='grc' dir='ltr'>ἀρίστην</span> <span class='ocrx_word' id='word_1_112' title='bbox 1487 1267 1722 1341; x_wconf 69' lang='grc' dir='ltr'>ἑλομένους,</span> <span class='ocrx_word' id='word_1_113' title='bbox 1752 1292 1784 1321; x_wconf 78' lang='grc' dir='ltr'>ει</span> <span class='ocrx_word' id='word_1_114' title='bbox 1807 1293 1885 1322; x_wconf 82' lang='grc' dir='ltr'>και</span> 
     </span>
     <span class='ocr_line' id='line_1_16' title="bbox 617 1345 1886 1418; baseline 0.001 -22"><span class='ocrx_word' id='word_1_115' title='bbox 617 1369 713 1397; x_wconf 81' lang='grc' dir='ltr'>ανευ</span> <span class='ocrx_word' id='word_1_116' title='bbox 740 1346 1007 1408; x_wconf 70' lang='grc' dir='ltr'>ὲξετασεως</span> <span class='ocrx_word' id='word_1_117' title='bbox 993 1369 1248 1418; x_wconf 76' lang='grc' dir='ltr'>ορμησαιμεν</span> <span class='ocrx_word' id='word_1_118' title='bbox 1275 1345 1344 1398; x_wconf 73' lang='grc' dir='ltr'>ἐπι</span> <span class='ocrx_word' id='word_1_119' title='bbox 1371 1353 1477 1416; x_wconf 79' lang='grc' dir='ltr'>μίαν</span> <span class='ocrx_word' id='word_1_120' title='bbox 1503 1370 1581 1398; x_wconf 84' lang='grc' dir='ltr'>των</span> <span class='ocrx_word' id='word_1_121' title='bbox 1606 1345 1747 1398; x_wconf 72' lang='grc' dir='ltr'>ὁὸων</span> <span class='ocrx_word' id='word_1_122' title='bbox 1727 1368 1886 1407; x_wconf 80' lang='grc' dir='ltr'>ηντινα-</span> 
     </span>
     <span class='ocr_line' id='line_1_17' title="bbox 617 1415 1886 1491; baseline 0 -18"><span class='ocrx_word' id='word_1_123' title='bbox 617 1422 692 1473; x_wconf 73' lang='grc' dir='ltr'>οὖν.</span> <span class='ocrx_word' id='word_1_124' title='bbox 715 1415 941 1474; x_wconf 62' lang='grc' dir='ltr'>ὃυνατον</span> <span class='ocrx_word' id='word_1_125' title='bbox 896 1445 970 1491; x_wconf 78' lang='grc' dir='ltr'>μεν</span> <span class='ocrx_word' id='word_1_126' title='bbox 986 1445 1077 1490; x_wconf 74' lang='grc' dir='ltr'>’γαρ</span> <span class='ocrx_word' id='word_1_127' title='bbox 1094 1444 1170 1473; x_wconf 77' lang='grc' dir='ltr'>και</span> <span class='ocrx_word' id='word_1_128' title='bbox 1186 1446 1303 1474; x_wconf 84' lang='grc' dir='ltr'>τουτο</span> <span class='ocrx_word' id='word_1_129' title='bbox 1323 1420 1550 1486; x_wconf 64' lang='grc' dir='ltr'>γενέσθαι·</span> <span class='ocrx_word' id='word_1_130' title='bbox 1569 1445 1645 1473; x_wconf 82' lang='grc' dir='ltr'>και</span> <span class='ocrx_word' id='word_1_131' title='bbox 1666 1445 1767 1480; x_wconf 83' lang='grc' dir='ltr'>ισως</span> <span class='ocrx_word' id='word_1_132' title='bbox 1780 1442 1886 1474; x_wconf 76' lang='grc' dir='ltr'>ποτε</span> 
     </span>
     <span class='ocr_line' id='line_1_18' title="bbox 619 1494 1884 1571; baseline 0 -23"><span class='ocrx_word' id='word_1_133' title='bbox 619 1495 776 1562; x_wconf 66' lang='grc' dir='ltr'>ἐγένετο</span> <span class='ocrx_word' id='word_1_134' title='bbox 800 1501 835 1549; x_wconf 76' lang='grc' dir='ltr'>ἐν</span> <span class='ocrx_word' id='word_1_135' title='bbox 853 1499 914 1571; x_wconf 67' lang='grc' dir='ltr'>τῷ</span> <span class='ocrx_word' id='word_1_136' title='bbox 928 1499 1087 1570; x_wconf 70' lang='grc' dir='ltr'><em>μακρῷ</em></span> <span class='ocrx_word' id='word_1_137' title='bbox 1111 1521 1254 1569; x_wconf 76' lang='grc' dir='ltr'>χρονῳ.</span> <span class='ocrx_word' id='word_1_138' title='bbox 1281 1501 1396 1567; x_wconf 76' lang='grc' dir='ltr'><em>ἡμας</em></span> <span class='ocrx_word' id='word_1_139' title='bbox 1421 1494 1467 1549; x_wconf 76' lang='grc' dir='ltr'><strong><em>ὃέ</em></strong></span> <span class='ocrx_word' id='word_1_140' title='bbox 1485 1520 1541 1563; x_wconf 77' lang='grc' dir='ltr'>γε</span> <span class='ocrx_word' id='word_1_141' title='bbox 1560 1520 1651 1570; x_wconf 75' lang='grc' dir='ltr'>περι</span> <span class='ocrx_word' id='word_1_142' title='bbox 1676 1521 1755 1549; x_wconf 82' lang='grc' dir='ltr'>των</span> <span class='ocrx_word' id='word_1_143' title='bbox 1781 1498 1884 1549; x_wconf 84' lang='grc' dir='ltr'>οὕτω</span> 
     </span>
    </p>
   </div>
   <div class='ocr_carea' id='block_1_4' title="bbox 619 1628 1887 1748">
    <p class='ocr_par' dir='ltr' id='par_1_6' title="bbox 619 1628 1887 1748">
     <span class='ocr_line' id='line_1_19' title="bbox 619 1628 1887 1684; baseline 0.002 -15"><span class='ocrx_word' id='word_1_144' title='bbox 619 1630 661 1669; x_wconf 86' lang='lat'>&amp;</span> <span class='ocrx_word' id='word_1_145' title='bbox 684 1628 894 1669; x_wconf 84' lang='lat' dir='ltr'><strong>Corinthus</strong></span> <span class='ocrx_word' id='word_1_146' title='bbox 917 1642 994 1669; x_wconf 90' lang='lat' dir='ltr'>una</span> <span class='ocrx_word' id='word_1_147' title='bbox 1023 1629 1086 1677; x_wconf 83' lang='lat' dir='ltr'>fit,</span> <span class='ocrx_word' id='word_1_148' title='bbox 1117 1629 1281 1683; x_wconf 86' lang='lat' dir='ltr'>reliquas</span> <span class='ocrx_word' id='word_1_149' title='bbox 1303 1640 1432 1671; x_wconf 86' lang='lat' dir='ltr'>autem</span> <span class='ocrx_word' id='word_1_150' title='bbox 1453 1630 1597 1684; x_wconf 86' lang='lat' dir='ltr'>quovis</span> <span class='ocrx_word' id='word_1_151' title='bbox 1619 1630 1748 1684; x_wconf 87' lang='lat' dir='ltr'>potius</span> <span class='ocrx_word' id='word_1_152' title='bbox 1769 1644 1887 1684; x_wconf 89' lang='lat' dir='ltr'>quam</span> 
     </span>
     <span class='ocr_line' id='line_1_20' title="bbox 619 1693 1887 1748; baseline 0.001 -15"><span class='ocrx_word' id='word_1_153' title='bbox 619 1693 853 1733; x_wconf 75' lang='lat' dir='ltr'>Corinthum</span> <span class='ocrx_word' id='word_1_154' title='bbox 873 1694 1033 1742; x_wconf 89' lang='lat' dir='ltr'>ducere;</span> <span class='ocrx_word' id='word_1_155' title='bbox 1055 1693 1121 1732; x_wconf 88' lang='lat' dir='ltr'>nis1</span> <span class='ocrx_word' id='word_1_156' title='bbox 1139 1694 1177 1732; x_wconf 90' lang='lat' dir='ltr'>in</span> <span class='ocrx_word' id='word_1_157' title='bbox 1195 1705 1342 1734; x_wconf 85' lang='lat' dir='ltr'>tantum</span> <span class='ocrx_word' id='word_1_158' title='bbox 1359 1695 1444 1748; x_wconf 83' lang='lat' dir='ltr'>quis</span> <span class='ocrx_word' id='word_1_159' title='bbox 1462 1694 1630 1747; x_wconf 77' lang='lat' dir='ltr'>desipiat,</span> <span class='ocrx_word' id='word_1_160' title='bbox 1649 1695 1764 1734; x_wconf 89' lang='lat' dir='ltr'>etiam</span> <span class='ocrx_word' id='word_1_161' title='bbox 1785 1707 1887 1740; x_wconf 84' lang='lat' dir='ltr'>eam,</span> 
     </span>
    </p>
   </div>
   <div class='ocr_carea' id='block_1_5' title="bbox 619 1754 1887 1856">
    <p class='ocr_par' dir='ltr' id='par_1_7' title="bbox 619 1754 1887 1856">
     <span class='ocr_line' id='line_1_21' title="bbox 619 1754 1887 1810; baseline 0 -15"><span class='ocrx_word' id='word_1_162' title='bbox 619 1768 720 1808; x_wconf 87' lang='lat' dir='ltr'>quae</span> <span class='ocrx_word' id='word_1_163' title='bbox 744 1755 790 1794; x_wconf 89' lang='lat' dir='ltr'>ad</span> <span class='ocrx_word' id='word_1_164' title='bbox 811 1755 1099 1809; x_wconf 87' lang='lat' dir='ltr'>Hyperboreos</span> <span class='ocrx_word' id='word_1_165' title='bbox 1119 1754 1214 1804; x_wconf 86' lang='lat' dir='ltr'>fert,</span> <span class='ocrx_word' id='word_1_166' title='bbox 1235 1756 1276 1797; x_wconf 73' lang='grc' dir='ltr'>δι</span> <span class='ocrx_word' id='word_1_167' title='bbox 1299 1769 1398 1810; x_wconf 83' lang='lat' dir='ltr'>quae</span> <span class='ocrx_word' id='word_1_168' title='bbox 1423 1757 1468 1796; x_wconf 89' lang='lat' dir='ltr'>ad</span> <span class='ocrx_word' id='word_1_169' title='bbox 1490 1756 1627 1803; x_wconf 88' lang='lat' dir='ltr'>Indos,</span> <span class='ocrx_word' id='word_1_170' title='bbox 1651 1755 1887 1796; x_wconf 86' lang='lat' dir='ltr'>Corinthum</span> 
     </span>
     <span class='ocr_line' id='line_1_22' title="bbox 619 1817 770 1856; baseline -0.007 0"><span class='ocrx_word' id='word_1_171' title='bbox 619 1817 770 1856; x_wconf 85' lang='lat' dir='ltr'>ducere.</span> 
     </span>
    </p>
   </div>
   <div class='ocr_carea' id='block_1_6' title="bbox 618 1874 1889 2618">
    <p class='ocr_par' dir='ltr' id='par_1_8' title="bbox 621 1874 1886 1984">
     <span class='ocr_line' id='line_1_23' title="bbox 674 1874 1886 1934; baseline 0.002 -17"><span class='ocrx_word' id='word_1_172' title='bbox 674 1880 795 1920; x_wconf 72' lang='lat' dir='ltr'>Herm.</span> <span class='ocrx_word' id='word_1_173' title='bbox 826 1879 872 1919; x_wconf 90' lang='lat' dir='ltr'>Et</span> <span class='ocrx_word' id='word_1_174' title='bbox 899 1880 1103 1933; x_wconf 86' lang='lat' dir='ltr'>quomodo</span> <span class='ocrx_word' id='word_1_175' title='bbox 1126 1879 1204 1919; x_wconf 89' lang='lat' dir='ltr'>hoc</span> <span class='ocrx_word' id='word_1_176' title='bbox 1232 1878 1317 1920; x_wconf 89' lang='lat' dir='ltr'>fieri</span> <span class='ocrx_word' id='word_1_177' title='bbox 1339 1878 1476 1934; x_wconf 75' lang='lat' dir='ltr'>possit,</span> <span class='ocrx_word' id='word_1_178' title='bbox 1507 1878 1679 1931; x_wconf 86' lang='lat' dir='ltr'>Lycine,</span> <span class='ocrx_word' id='word_1_179' title='bbox 1700 1874 1774 1918; x_wconf 86' lang='lat' dir='ltr'>alia</span> <span class='ocrx_word' id='word_1_180' title='bbox 1796 1891 1886 1919; x_wconf 90' lang='lat' dir='ltr'>cum</span> 
     </span>
     <span class='ocr_line' id='line_1_24' title="bbox 621 1943 965 1984; baseline 0.003 -1"><span class='ocrx_word' id='word_1_181' title='bbox 621 1943 801 1983; x_wconf 75' lang='lat' dir='ltr'>aliorsum</span> <span class='ocrx_word' id='word_1_182' title='bbox 827 1943 965 1984; x_wconf 85' lang='lat' dir='ltr'>ducat?</span> 
     </span>
    </p>

    <p class='ocr_par' dir='ltr' id='par_1_9' title="bbox 618 2004 1889 2618">
     <span class='ocr_line' id='line_1_25' title="bbox 675 2004 1889 2059; baseline 0 -14"><span class='ocrx_word' id='word_1_183' title='bbox 675 2008 763 2059; x_wconf 82' lang='lat' dir='ltr'><em>Lyc.</em></span> <span class='ocrx_word' id='word_1_184' title='bbox 784 2006 887 2058; x_wconf 86' lang='lat' dir='ltr'>Ergo</span> <span class='ocrx_word' id='word_1_185' title='bbox 900 2035 911 2052; x_wconf 86' lang='lat'><em>‚</em></span> <span class='ocrx_word' id='word_1_186' title='bbox 933 2005 1091 2059; x_wconf 85' lang='lat' dir='ltr'><strong>pulcher</strong></span> <span class='ocrx_word' id='word_1_187' title='bbox 1105 2005 1348 2045; x_wconf 87' lang='lat' dir='ltr'>Hermotime</span> <span class='ocrx_word' id='word_1_188' title='bbox 1361 2036 1375 2052; x_wconf 91' lang='lat'>‚</span> <span class='ocrx_word' id='word_1_189' title='bbox 1403 2017 1482 2045; x_wconf 90' lang='lat' dir='ltr'>non</span> <span class='ocrx_word' id='word_1_190' title='bbox 1509 2017 1630 2058; x_wconf 87' lang='lat' dir='ltr'>parva</span> <span class='ocrx_word' id='word_1_191' title='bbox 1651 2004 1889 2045; x_wconf 87' lang='lat' dir='ltr'>deliberatio-</span> 
     </span>
     <span class='ocr_line' id='line_1_26' title="bbox 622 2063 1889 2122; baseline -0.002 -13"><span class='ocrx_word' id='word_1_192' title='bbox 622 2082 673 2109; x_wconf 88' lang='lat' dir='ltr'>ne</span> <span class='ocrx_word' id='word_1_193' title='bbox 687 2081 786 2122; x_wconf 86' lang='lat' dir='ltr'>opus</span> <span class='ocrx_word' id='word_1_194' title='bbox 803 2067 856 2108; x_wconf 85' lang='lat' dir='ltr'>est</span> <span class='ocrx_word' id='word_1_195' title='bbox 875 2068 920 2107; x_wconf 89' lang='lat' dir='ltr'>ad</span> <span class='ocrx_word' id='word_1_196' title='bbox 943 2068 1169 2108; x_wconf 72' lang='lat' dir='ltr'>elefflonem</span> <span class='ocrx_word' id='word_1_197' title='bbox 1189 2068 1340 2108; x_wconf 87' lang='lat' dir='ltr'>viarum</span> <span class='ocrx_word' id='word_1_198' title='bbox 1355 2068 1493 2122; x_wconf 82' lang='lat' dir='ltr'>pariter</span> <span class='ocrx_word' id='word_1_199' title='bbox 1506 2080 1552 2108; x_wconf 89' lang='lat' dir='ltr'>ac</span> <span class='ocrx_word' id='word_1_200' title='bbox 1567 2066 1772 2107; x_wconf 73' lang='lat' dir='ltr'>du&amp;orum</span> <span class='ocrx_word' id='word_1_201' title='bbox 1790 2079 1800 2106; x_wconf 73' lang='grc' dir='ltr'>ε</span> <span class='ocrx_word' id='word_1_202' title='bbox 1822 2063 1889 2107; x_wconf 83' lang='lat' dir='ltr'>ne-</span> 
     </span>
     <span class='ocr_line' id='line_1_27' title="bbox 620 2129 1885 2184; baseline -0.001 -14"><span class='ocrx_word' id='word_1_203' title='bbox 620 2143 699 2184; x_wconf 83' lang='lat' dir='ltr'>que</span> <span class='ocrx_word' id='word_1_204' title='bbox 724 2130 759 2169; x_wconf 84' lang='lat' dir='ltr'>id</span> <span class='ocrx_word' id='word_1_205' title='bbox 771 2161 781 2177; x_wconf 95' lang='lat'><strong>‚</strong></span> <span class='ocrx_word' id='word_1_206' title='bbox 801 2129 906 2183; x_wconf 90' lang='lat' dir='ltr'>quod</span> <span class='ocrx_word' id='word_1_207' title='bbox 925 2129 978 2169; x_wconf 93' lang='lat' dir='ltr'>est</span> <span class='ocrx_word' id='word_1_208' title='bbox 998 2130 1035 2168; x_wconf 90' lang='lat' dir='ltr'>in</span> <span class='ocrx_word' id='word_1_209' title='bbox 1055 2130 1290 2183; x_wconf 89' lang='lat' dir='ltr'>proverbio,</span> <span class='ocrx_word' id='word_1_210' title='bbox 1313 2130 1372 2170; x_wconf 89' lang='lat' dir='ltr'>hic</span> <span class='ocrx_word' id='word_1_211' title='bbox 1392 2141 1549 2182; x_wconf 82' lang='lat' dir='ltr'>agemus</span> <span class='ocrx_word' id='word_1_212' title='bbox 1562 2158 1574 2175; x_wconf 90' lang='lat'>‚</span> <span class='ocrx_word' id='word_1_213' title='bbox 1599 2131 1807 2182; x_wconf 81' lang='lat' dir='ltr'><strong><em>Quocunque</em></strong></span> <span class='ocrx_word' id='word_1_214' title='bbox 1821 2145 1885 2169; x_wconf 83' lang='lat' dir='ltr'>nos</span> 
     </span>
     <span class='ocr_line' id='line_1_28' title="bbox 618 2191 1884 2246; baseline 0.001 -16"><span class='ocrx_word' id='word_1_215' title='bbox 618 2194 716 2246; x_wconf 80' lang='lat' dir='ltr'>pedes</span> <span class='ocrx_word' id='word_1_216' title='bbox 738 2193 896 2240; x_wconf 75' lang='lat' dir='ltr'>tulerint,</span> <span class='ocrx_word' id='word_1_217' title='bbox 922 2208 959 2232; x_wconf 83' lang='lat' dir='ltr'>eo</span> <span class='ocrx_word' id='word_1_218' title='bbox 981 2192 1092 2232; x_wconf 83' lang='lat' dir='ltr'>imus.-</span> <span class='ocrx_word' id='word_1_219' title='bbox 1119 2191 1290 2245; x_wconf 82' lang='lat' dir='ltr'>alioquin</span> <span class='ocrx_word' id='word_1_220' title='bbox 1314 2191 1575 2246; x_wconf 83' lang='lat' dir='ltr'>imprudentes</span> <span class='ocrx_word' id='word_1_221' title='bbox 1598 2204 1671 2245; x_wconf 86' lang='lat' dir='ltr'>pro</span> <span class='ocrx_word' id='word_1_222' title='bbox 1692 2203 1737 2230; x_wconf 87' lang='lat' dir='ltr'>ea</span> <span class='ocrx_word' id='word_1_223' title='bbox 1752 2222 1764 2240; x_wconf 94' lang='lat'><strong>‚</strong></span> <span class='ocrx_word' id='word_1_224' title='bbox 1783 2204 1884 2244; x_wconf 85' lang='lat' dir='ltr'>quae</span> 
     </span>
     <span class='ocr_line' id='line_1_29' title="bbox 619 2252 1885 2308; baseline -0.002 -13"><span class='ocrx_word' id='word_1_225' title='bbox 619 2254 855 2295; x_wconf 83' lang='lat' dir='ltr'>Corinthum</span> <span class='ocrx_word' id='word_1_226' title='bbox 880 2254 952 2294; x_wconf 90' lang='lat' dir='ltr'>fert</span> <span class='ocrx_word' id='word_1_227' title='bbox 966 2285 978 2303; x_wconf 90' lang='lat'>,</span> <span class='ocrx_word' id='word_1_228' title='bbox 1001 2254 1180 2300; x_wconf 87' lang='lat' dir='ltr'>alteram,</span> <span class='ocrx_word' id='word_1_229' title='bbox 1199 2268 1298 2308; x_wconf 89' lang='lat' dir='ltr'>quae</span> <span class='ocrx_word' id='word_1_230' title='bbox 1318 2254 1561 2306; x_wconf 82' lang='lat' dir='ltr'>Babylonem</span> <span class='ocrx_word' id='word_1_231' title='bbox 1577 2264 1644 2293; x_wconf 87' lang='lat' dir='ltr'>aut</span> <span class='ocrx_word' id='word_1_232' title='bbox 1659 2252 1796 2293; x_wconf 59' lang='lat' dir='ltr'>Baetra</span> <span class='ocrx_word' id='word_1_233' title='bbox 1812 2253 1885 2293; x_wconf 90' lang='lat' dir='ltr'>du-</span> 
     </span>
     <span class='ocr_line' id='line_1_30' title="bbox 620 2314 1886 2369; baseline 0 -15"><span class='ocrx_word' id='word_1_234' title='bbox 620 2316 692 2361; x_wconf 79' lang='lat' dir='ltr'>cit,</span> <span class='ocrx_word' id='word_1_235' title='bbox 714 2316 977 2369; x_wconf 79' lang='lat' dir='ltr'>ingrediamur.</span> <span class='ocrx_word' id='word_1_236' title='bbox 1006 2316 1145 2369; x_wconf 87' lang='lat' dir='ltr'>Neque</span> <span class='ocrx_word' id='word_1_237' title='bbox 1168 2330 1266 2356; x_wconf 84' lang='lat' dir='ltr'>vero</span> <span class='ocrx_word' id='word_1_238' title='bbox 1287 2315 1501 2357; x_wconf 82' lang='lat' dir='ltr'>consultum</span> <span class='ocrx_word' id='word_1_239' title='bbox 1522 2315 1576 2355; x_wconf 89' lang='lat' dir='ltr'>est</span> <span class='ocrx_word' id='word_1_240' title='bbox 1594 2314 1775 2355; x_wconf 88' lang='lat' dir='ltr'>fortunae</span> <span class='ocrx_word' id='word_1_241' title='bbox 1801 2325 1886 2368; x_wconf 80' lang='lat' dir='ltr'>per·</span> 
     </span>
     <span class='ocr_line' id='line_1_31' title="bbox 621 2375 1884 2431; baseline 0.001 -16"><span class='ocrx_word' id='word_1_242' title='bbox 621 2378 771 2417; x_wconf 84' lang='lat' dir='ltr'>mittere</span> <span class='ocrx_word' id='word_1_243' title='bbox 786 2409 796 2424; x_wconf 88' lang='lat'><em>,</em></span> <span class='ocrx_word' id='word_1_244' title='bbox 822 2390 865 2418; x_wconf 89' lang='lat' dir='ltr'>ut</span> <span class='ocrx_word' id='word_1_245' title='bbox 888 2379 954 2431; x_wconf 91' lang='lat' dir='ltr'>qui</span> <span class='ocrx_word' id='word_1_246' title='bbox 978 2376 1080 2418; x_wconf 87' lang='lat' dir='ltr'>forte</span> <span class='ocrx_word' id='word_1_247' title='bbox 1101 2379 1288 2431; x_wconf 87' lang='lat' dir='ltr'>optimam</span> <span class='ocrx_word' id='word_1_248' title='bbox 1307 2377 1520 2431; x_wconf 85' lang='lat' dir='ltr'>capeffituri</span> <span class='ocrx_word' id='word_1_249' title='bbox 1540 2375 1674 2424; x_wconf 85' lang='lat' dir='ltr'>fimus,</span> <span class='ocrx_word' id='word_1_250' title='bbox 1699 2376 1787 2416; x_wconf 86' lang='lat' dir='ltr'>licet</span> <span class='ocrx_word' id='word_1_251' title='bbox 1806 2375 1884 2416; x_wconf 87' lang='lat' dir='ltr'>fine</span> 
     </span>
     <span class='ocr_line' id='line_1_32' title="bbox 622 2436 1885 2493; baseline 0 -17"><span class='ocrx_word' id='word_1_252' title='bbox 622 2440 799 2479; x_wconf 79' lang='lat' dir='ltr'>examine</span> <span class='ocrx_word' id='word_1_253' title='bbox 827 2439 866 2478; x_wconf 90' lang='lat' dir='ltr'>in</span> <span class='ocrx_word' id='word_1_254' title='bbox 895 2453 1010 2479; x_wconf 84' lang='lat' dir='ltr'>unam</span> <span class='ocrx_word' id='word_1_255' title='bbox 1029 2452 1304 2493; x_wconf 86' lang='lat' dir='ltr'>quamcunque</span> <span class='ocrx_word' id='word_1_256' title='bbox 1328 2439 1480 2479; x_wconf 88' lang='lat' dir='ltr'>viarum</span> <span class='ocrx_word' id='word_1_257' title='bbox 1505 2438 1773 2491; x_wconf 84' lang='lat' dir='ltr'>ingrediamur.</span> <span class='ocrx_word' id='word_1_258' title='bbox 1795 2436 1885 2476; x_wconf 87' lang='lat' dir='ltr'>Ete-</span> 
     </span>
     <span class='ocr_line' id='line_1_33' title="bbox 621 2499 1884 2556; baseline 0 -17"><span class='ocrx_word' id='word_1_259' title='bbox 621 2500 699 2539; x_wconf 86' lang='lat' dir='ltr'>nim</span> <span class='ocrx_word' id='word_1_260' title='bbox 725 2501 849 2554; x_wconf 89' lang='lat' dir='ltr'>potest</span> <span class='ocrx_word' id='word_1_261' title='bbox 876 2502 1028 2555; x_wconf 89' lang='lat' dir='ltr'>quidem</span> <span class='ocrx_word' id='word_1_262' title='bbox 1054 2503 1090 2541; x_wconf 90' lang='lat' dir='ltr'>id</span> <span class='ocrx_word' id='word_1_263' title='bbox 1116 2515 1275 2556; x_wconf 90' lang='lat' dir='ltr'>quoque</span> <span class='ocrx_word' id='word_1_264' title='bbox 1302 2501 1408 2547; x_wconf 88' lang='lat' dir='ltr'>fieri,</span> <span class='ocrx_word' id='word_1_265' title='bbox 1433 2502 1475 2541; x_wconf 89' lang='lat'>&amp;</span> <span class='ocrx_word' id='word_1_266' title='bbox 1500 2499 1600 2541; x_wconf 89' lang='lat' dir='ltr'>forte</span> <span class='ocrx_word' id='word_1_267' title='bbox 1621 2499 1824 2554; x_wconf 86' lang='lat' dir='ltr'>aliquando</span> <span class='ocrx_word' id='word_1_268' title='bbox 1842 2499 1884 2539; x_wconf 86' lang='lat' dir='ltr'>in</span> 
     </span>
     <span class='ocr_line' id='line_1_34' title="bbox 622 2561 1883 2618; baseline 0 -17"><span class='ocrx_word' id='word_1_269' title='bbox 622 2561 741 2616; x_wconf 85' lang='lat' dir='ltr'>longo</span> <span class='ocrx_word' id='word_1_270' title='bbox 764 2574 939 2618; x_wconf 86' lang='lat' dir='ltr'>tempore</span> <span class='ocrx_word' id='word_1_271' title='bbox 959 2562 1102 2605; x_wconf 59' lang='lat' dir='ltr'>fastum</span> <span class='ocrx_word' id='word_1_272' title='bbox 1121 2563 1186 2605; x_wconf 86' lang='lat' dir='ltr'>est.</span> <span class='ocrx_word' id='word_1_273' title='bbox 1209 2564 1263 2604; x_wconf 90' lang='lat' dir='ltr'>At</span> <span class='ocrx_word' id='word_1_274' title='bbox 1281 2576 1354 2604; x_wconf 90' lang='lat' dir='ltr'>nos</span> <span class='ocrx_word' id='word_1_275' title='bbox 1376 2563 1422 2604; x_wconf 92' lang='lat' dir='ltr'>de</span> <span class='ocrx_word' id='word_1_276' title='bbox 1445 2563 1558 2603; x_wconf 84' lang='lat' dir='ltr'>tantis</span> <span class='ocrx_word' id='word_1_277' title='bbox 1577 2562 1693 2604; x_wconf 87' lang='lat' dir='ltr'>rebus</span> <span class='ocrx_word' id='word_1_278' title='bbox 1713 2573 1792 2603; x_wconf 89' lang='lat' dir='ltr'>non</span> <span class='ocrx_word' id='word_1_279' title='bbox 1810 2572 1883 2615; x_wconf 68' lang='lat' dir='ltr'>pu-¹</span> 
     </span>
    </p>
   </div>
  </div>
 </body>
</html>
