1768 3185
234 146 1166 216 INHARMONIDEM.
1253 168 1341 219 455

0 261 5 272 ·
60 233 284 278 substantiv.
303 236 493 290 singulare
508 235 672 288 σημεῖον,
685 250 733 276 an
747 248 905 291 propter
922 233 1052 276 ταῦτα
1067 239 1180 278 addas
1199 239 1347 293 plurale

0 303 4 326 ;
63 289 220 342 σημεῖα..
233 291 291 330 Ita
303 304 464 344 quoque
479 291 669 332 adieffiva
685 292 898 343 gerundiva
911 289 1090 342 fingulari
1105 305 1209 331 num.
1223 293 1346 334 solent

63 345 150 384 addi
163 345 372 397 pluralibus
384 376 393 392 ‚
407 346 538 385 eadem
551 345 749 398 analogia:
767 355 810 384 ut
825 343 944 396 Epist.
961 345 977 394 §
996 359 1044 398 37
1056 346 1114 385 ed.
1131 346 1291 386 Reland.
1309 363 1350 401 p.

0 417 2 438 r
63 397 141 446 68,
153 397 290 438 Ταῦτα
302 398 374 449 μὲν
397 399 432 437 ἐν
450 400 627 452 παρέργῳ
642 399 826 438 ποιητέον.
849 399 1040 452 Hippocr.
1057 399 1092 439 S.
1105 400 1121 439 I
1133 430 1146 446 ,
1161 400 1263 453 Aph.
1283 414 1296 438 1
1311 414 1346 453 ς,

67 453 127 490 Τὰ.
140 453 398 504 προσάρμαιτα,
411 451 550 500 ἒοτὲον,
564 452 770 504 dandasunt
783 454 943 491 alimenta
953 483 965 499 ,
983 454 1006 492 i.
1022 466 1055 493 e.
1069 454 1247 493 alimenta
1256 448 1346 494 funt

65 504 228 558 aliquid,
242 507 348 558 quod
367 507 533 546 dandum
553 505 618 546 est.
638 505 744 559 (Etfi
765 508 898 546 eadem
918 508 1127 559 gerundiva
1141 507 1230 547 alibi
1242 521 1347 561 quo-

64 571 144 612 que
158 558 295 612 plurali
307 573 412 599 num.
434 559 563 599 efferri
577 569 719 599 notum
733 559 818 614 est.)
834 560 894 600 Sic
906 589 916 608 ,
934 561 1091 614 inquam
1105 593 1116 610 ‚
1132 562 1194 601 ille
1215 574 1344 602 canon

65 613 115 652 de
129 613 273 652 neutris
293 614 391 666 plur.
415 627 504 654 cum
526 614 652 654 verbo
674 613 767 667 fing.
790 615 900 654 cuius
924 625 1003 653 tam
1024 616 1151 655 varias
1173 617 1345 657 rationes

65 666 231 706 reddunt
241 667 507 716 Grammatici‚
521 667 787 720 fimpliciffime
798 669 972 708 omnium
987 670 1196 722 exponitur
1209 683 1277 723 per
1289 671 1346 710 el·

65 719 149 773 lips.
162 719 295 774 χρῆμα
312 722 375 762 vel
389 722 426 760 τὶ
438 752 450 769 ,
465 733 508 762 ut
521 724 573 760 τὰ
590 721 667 773 ζῶσι
679 724 814 774 τρέχει
827 723 983 775 proprie
997 722 1055 769 fit,
1068 724 1246 772 animalia,
1261 723 1344 765 five

61 787 169 827 pecus
188 777 231 827 est
248 776 382 829 aliquid
397 791 544 815 currens.
565 775 712 815 Omnia
732 776 833 816 enim
849 776 970 815 verba
985 778 1171 829 originem
1194 778 1258 817 vel
1274 777 1344 817 sal-

67 837 145 868 tem
158 831 468 870 terminationem
485 829 505 869 s
503 843 590 869 uam
603 830 742 870 debere
758 830 882 883 prisco
893 829 939 869 ἕω
948 830 1030 881 sum
1043 862 1053 879 ‚
1068 831 1170 871 re&e
1184 832 1344 872 coniicit

63 880 103 922 S.
117 881 260 923 Clarke.
280 884 325 923 ad
345 885 507 924 Homer.
523 884 635 924 Alius
646 891 779 925 autem
793 883 990 937 singularis
1004 884 1045 924 &
1061 886 1161 938 plur.
1177 898 1344 925 concur-

63 934 127 976 sus
142 936 296 977 viciffim
322 951 390 991 per
403 937 637 977 intelleRum
661 938 742 978 ἐστὶ
758 939 997 978 conciliatur.
1012 938 1083 978 Sed
1106 938 1239 979 ταῦτα,
1261 939 1344 980 fere

65 1002 258 1044 perpetuo
279 993 316 1030 in
333 992 468 1045 plurali
487 991 661 1038 effertur,
682 992 749 1032 etsi
764 991 927 1032 refertur
941 992 987 1031 ad
1001 991 1229 1046 fingularem
1244 1023 1257 1040 ,
1278 995 1344 1033 vel

63 1044 269 1085 colleffive
283 1046 329 1085 ad
344 1058 466 1086 totam
483 1047 699 1086 orationem
715 1045 968 1099 praemissam,
984 1058 1027 1086 ut
1039 1049 1139 1100 apud
1156 1046 1343 1088 Nostrum

63 1098 113 1139 de
125 1097 213 1140 Salt.
225 1113 259 1140 c.
278 1113 313 1147 1,
325 1100 426 1151 'sz‘oe
441 1100 487 1140 esf]
498 1114 558 1139 τις
574 1123 619 1130 -
640 1101 704 1140 καὶ
723 1098 875 1149 ταῦτα,
891 1100 1056 1150 ποειὲείᾳ
1075 1101 1281 1153 σύντροφος,
1298 1102 1341 1142 &

65 1151 267 1206 Aristoph.
286 1153 384 1194 Plut.
403 1168 460 1201 17.
477 1155 550 1194 Sed
564 1153 700 1194 melius
722 1155 913 1194 convenit
934 1155 1010 1194 hoc
1029 1155 1227 1208 Aristoph.
1243 1155 1341 1196 Plut.

65 1205 162 1257 887,
174 1205 307 1246 Ταῦτα
328 1205 405 1262 οὔχ
423 1206 522 1261 ὕβρις
544 1207 668 1250 πολλή
685 1209 791 1257 {5⁷13
807 1209 895 1248 alibi
915 1209 995 1248 ⁷⁶25
998 1224 1015 1248 ε
1032 1205 1148 1263 ὕβρις·
1160 1210 1235 1250 vid.
1258 1210 1341 1251 Ind.

64 1259 230 1301 Kusteri.
250 1261 395 1302 RErrz.

120 1315 156 1354 in
170 1317 287 1356 Schol.
299 1318 362 1355 col.
380 1330 409 1356 1.
422 1318 446 1356 l.
457 1331 491 1365 4.
507 1315 576 1357 Τὴν
591 1316 751 1371 λευκὴν)
766 1317 858 1357 Hoc
871 1316 1067 1357 Scholium
1084 1317 1121 1356 in
1134 1317 1221 1357 edit.
1236 1316 1342 1358 Cler.

64 1369 230 1410 relatum
242 1382 325 1410 erat
347 1371 392 1410 ad
410 1371 573 1410 verbum
595 1371 715 1424 paulo
731 1372 982 1425 praecedens,
1004 1372 1340 1421 πολυψηφότατος.

63 1423 106 1464 Id
122 1437 218 1464 vero
232 1425 398 1464 mutavit
411 1425 598 1472 Solanus;
617 1424 677 1464 sed
697 1426 808 1478 parvi
823 1424 894 1474 est,
911 1426 951 1465 &
967 1426 1045 1465 iam
1060 1426 1173 1479 supra
1186 1438 1266 1465 non
1284 1425 1343 1466 so-

64 1479 142 1518 mel
154 1479 200 1518 de
214 1479 346 1518 eadem
362 1492 402 1519 re
413 1480 566 1519 dicium.
581 1480 728 1519 Rmrz.

123 1533 214 1585 Pag.
234 1547 319 1586 143.
334 1535 358 1572 l.
383 1548 415 1586 5.
430 1533 501 1572 Τιῖς
517 1533 690 1587 Ἀθηνᾶς)
712 1533 861 1574 Alludit
883 1533 930 1573 ad
950 1533 1142 1572 historiam
1165 1531 1313 1572 Orestis
1327 1562 1340 1581 ,

64 1599 182 1640 quem
197 1585 383 1640 suffragiis
399 1588 439 1627 in
458 1587 673 1640 Areopago
684 1588 939 1627 damnandum
962 1587 1032 1627 suo
1048 1586 1202 1626 calculo
1216 1586 1342 1626 serva-

65 1642 123 1680 vit
134 1641 420 1681 Minerva.Vid.
436 1641 566 1694 Eurip.
578 1641 700 1695 lphig.
717 1642 757 1680 in
768 1642 889 1682 Taur.
906 1642 1017 1692 1469.
1029 1640 1199 1681 Consule
1209 1642 1341 1687 etiam,

66 1694 97 1737 fi
112 1695 238 1743 Iubet,
254 1695 383 1735 Schol.
400 1695 596 1748 Aristoph.
616 1710 693 1744 244
706 1695 757 1735 D.
774 1696 815 1736 δι
834 1695 1016 1736 Nostrum
1033 1696 1070 1733 in
1081 1696 1204 1739 Ἀναβ.
1222 1707 1255 1734 c.
1272 1709 1338 1742 21,

66 1749 136 1789 ubi
149 1750 306 1789 eandem
322 1748 488 1789 fabulam
505 1750 638 1802 tangit.
651 1750 784 1790 Utitur
799 1751 913 1790 etiam
934 1748 1107 1789 Philostr.
1127 1762 1164 1802 p.
1186 1748 1257 1802 568
1280 1749 1341 1789 ed.

67 1802 167 1857 Lips.
185 1804 398 1855 proverbio
412 1805 591 1843 Minervae
606 1805 771 1843 calculus.
784 1804 944 1844 SOLAN.

124 1860 198 1897 ead.
212 1859 235 1897 I.
247 1858 283 1897 6.
294 1857 579 1911 Ἐπανὸρθωμα)
593 1858 683 1897 Hoc
696 1869 792 1911 puto
805 1858 905 1897 velle
915 1855 1152 1909 Sophistam:
1172 1869 1262 1896 cum
1279 1854 1340 1896 so-

66 1911 145 1952 leas
157 1942 168 1959 ‚
184 1923 227 1951 ut
243 1910 390 1964 praeses
401 1942 411 1960 ‚
426 1912 466 1951 &
481 1914 581 1951 νεέῖον
599 1912 843 1964 provinciae,
861 1923 1120 1964 quaecunque
1133 1910 1341 1963 depravata

66 1964 155 2006 sunt
168 1967 326 2019 corrigere
339 1966 380 2005 δι
394 1964 617 2013 restituere3
640 1967 695 2006 tui
719 1967 891 2006 muneris
910 1976 1057 2019 partem
1080 1963 1154 2004 effe
1176 1975 1340 2018 putato,

68 2031 228 2074 peccata
241 2021 353 2059 etiam
371 2032 456 2058 mea
469 2020 682 2060 emendare.
695 2020 826 2060 GEsN.

124 2076 198 2112 ead.
213 2075 237 2113 I.
253 2087 313 2113 10.
324 2073 443 2113 Ἐπῶν
455 2074 558 2112 σκιαὶ
570 2073 588 2126 )
601 2072 662 2114 Sic
679 2074 810 2126 legunt
827 2074 1051 2126 interpretes
1065 2072 1106 2112 δι
1119 2071 1342 2111 Paroemio-

69 2127 215 2181 graphi.
230 2127 275 2167 In
295 2127 452 2180 Anglic.
467 2126 568 2167 Cod.
582 2127 723 2167 reRius
737 2128 890 2168 ἐπαίνων
910 2128 1015 2167 σκιαὶ
1029 2157 1039 2174 ,
1059 2137 1103 2165 ut
1122 2127 1236 2166 σκιᾶς
1251 2126 1339 2177 ’ὄνοις

71 2194 133 2235 ap.
147 2181 366 2220 Pindarum.
382 2182 554 2221 BOURD.
568 2182 693 2233 Λόγος
708 2181 815 2236 ἔργον
831 2183 936 2228 σκιὰ,
951 2181 1200 2232 proverbium
1218 2193 1238 2218 a
1256 2178 1340 2218 De·

71 2235 243 2275 mocrito
257 2235 474 2288 profefmm
484 2264 496 2282 .,
507 2236 610 2289 apud
621 2235 790 2289 Diogen.
805 2237 928 2276 Laert.
942 2235 1127 2274 Democr.
1143 2235 1218 2282 246
1231 2232 1281 2272 D.
1297 2233 1339 2273 δι

72 2288 174 2329 Plut.
185 2303 230 2327 π.
249 2288 365 2329 orans.
385 2290 518 2342 e'vyary.
544 2290 591 2329 16
604 2320 616 2337 ,
632 2304 653 2328 2
666 2320 678 2336 ,
691 2291 809 2342 λόγος
821 2292 899 2343 ’γὰρ
913 2288 1019 2341 ἔργον
1041 2291 1130 2328 σκιὰ
1143 2289 1250 2326 κατὰ,
1261 2293 1342 2326 Δη-

71 2342 255 2392 μόκριτον.
267 2342 308 2382 P.
322 2354 451 2382 tamen
465 2344 506 2382 δι
526 2343 565 2382 L.
582 2356 670 2382 cum
689 2344 735 2383 A.
751 2344 921 2383 ἐπαίνων.
936 2343 1132 2382 Philemon
1145 2340 1344 2380 Casaubo-

73 2409 128 2436 no
142 2396 319 2437 laudatur
332 2397 378 2437 ad
388 2397 591 2448 Theophr.
609 2397 699 2446 282,
712 2395 809 2437 ἄλλο
823 2396 942 2446 μηθὲν
957 2398 1054 2436 πλὴν
1065 2396 1168 2435 σκιά.
1181 2394 1245 2434 De
1257 2394 1348 2433 ami-

72 2450 127 2491 cis
138 2450 177 2490 in
191 2449 369 2493 adversis.
381 2451 470 2492 Vid.
481 2451 571 2491 Eur.
586 2465 622 2505 p.
638 2465 709 2506 295
726 2452 769 2494 B.
783 2451 1124 2544 δοῖ-ΑΝΒΕσὲσιὲνων
1136 2450 1242 2491 σκιαὶ
1254 2447 1346 2489 sunt.

1082 2516 1108 2553 4
