1841 3180
501 164 593 226 482
698 163 1578 213 ANNOTATIONES

502 256 668 305 ieElura3
680 255 740 296 sed
752 255 845 295 nihil
860 265 987 294 tamen
1001 255 1239 295 mutandum.
1252 255 1392 308 Neque
1402 256 1502 295 enim
1518 256 1562 296 ad
1578 267 1660 296 rem
1672 255 1780 310 quid·

502 324 617 365 quam
634 310 740 360 facit,
755 320 899 363 quotus
914 308 1049 348 ordine
1063 309 1303 349 Nicostratus
1316 310 1364 349 ab
1377 311 1545 350 Hercule
1563 309 1687 350 fuerit.
1709 310 1777 350 De

502 366 578 405 hoc
588 365 810 404 Nicostrato
826 377 865 401 v,
882 362 977 401 Plut.
994 376 1072 411 494
1083 361 1108 401 f.
1125 377 1202 414 949
1212 362 1258 402 C.
1280 363 1411 416 (Alius
1422 364 1451 403 is
1462 363 1517 403 est
1529 364 1576 404 ab
1586 377 1652 412 eo,
1664 365 1778 404 cuius

503 420 678 459 meminit
696 417 918 469 Xenophon
941 416 999 456 ed.
1014 416 1065 456 St.
1079 429 1112 468 p.
1130 418 1220 467 276,
1235 417 1317 470 29.)
1339 417 1525 457 Nostrum
1540 417 1615 458 ἱστ.
1636 419 1674 472 β,
1689 430 1776 471 cap.

505 488 570 520 22,
591 472 757 524 Quintil.
773 471 822 518 Il,
833 470 873 517 8,
887 471 988 510 circa
1001 469 1117 510 finem
1128 500 1138 517 ‚
1153 484 1201 510 ex
1218 485 1299 524 quo
1318 471 1358 511 δι
1373 482 1537 511 aetatem
1551 472 1637 512 eius
1650 471 1778 512 discas.

501 526 625 580 (Cilix
643 536 735 565 erat.
753 523 821 564 Ol.
831 523 961 564 CCIV
976 525 1085 564 vicit.
1103 523 1188 564 Afr.
1209 526 1350 578 ἁναγρ.
1365 526 1406 565 δι
1424 525 1580 565 Pausan.
1594 526 1708 568 Eliac.
1727 525 1782 579 l.)

500 582 615 634 Loyd.
638 579 797 619 SOLAN.

557 636 630 673 ead.
649 633 672 671 l.
691 633 748 672 16.
762 630 954 684 Ἀλκαῖος)
970 630 1032 671 De
1047 631 1123 671 hoc
1137 642 1276 671 tacent.
1297 632 1458 672 SOLAN.

558 688 652 739 Pag.
671 699 756 736 170.
772 687 795 724 l.
818 700 852 724 2.
877 686 947 724 Καὶ
970 688 1087 725 τοίνυν
1110 683 1129 727 ἦ
1157 685 1325 738 ἱστορία,
1349 686 1375 725 εὶ
1398 686 1466 737 μὲν
1483 683 1612 727 ἄλλως
1629 688 1674 727 το
1689 701 1780 740 τερ-

504 743 593 781 πνὸν
612 740 991 792 παρεμπορεύσαιτο,
1013 738 1175 778 πολλοὺς
1188 737 1232 778 ἐὶν
1247 739 1332 778 τοὺς
1350 740 1517 793 ἐργάταις
1539 741 1780 782 ἐπισπάσαι-

504 795 574 848 το)
599 795 793 848 Interpres
813 793 1096 833 Salmuriensis:
1125 793 1274 833 Proinde
1294 794 1450 846 historia,
1481 812 1493 834 ι
1513 795 1698 834 iucundum
1710 811 1781 835 au-

505 849 601 888 Harii
625 851 696 888 vice
718 849 868 895 haberet,
891 848 1037 895 multos,
1059 863 1082 885 a
1095 847 1218 900 quibus
1232 847 1445 900 scriberetur,
1464 849 1620 888 alliceret.
1640 848 1778 903 Inepta

504 905 618 942 ratio.
647 902 740 942 Non
765 902 895 955 plures
918 901 1174 941 invitarentur
1196 901 1243 941 ab
1266 900 1484 942 scribendas
1510 902 1707 951 historias,
1730 904 1778 942 de

504 956 777 996 historicorum
789 956 889 995 enim
903 955 1145 995 multitudine
1153 956 1429 1008 conqueritur,
1448 955 1509 996 sed
1521 957 1567 996 ad
1587 957 1780 1010 legendas.

506 1010 695 1050 Historiae
705 1012 807 1049 enim
826 1010 909 1048 illae
921 1038 932 1057 ‚
953 1022 1053 1062 quae
1074 1009 1291 1062 posthabito
1305 1023 1402 1050 vero
1415 1010 1485 1050 soli
1505 1010 1705 1051 studebant
1717 1012 1779 1050 iu-

505 1066 658 1111 cundo,
681 1064 847 1104 ludibrio
867 1064 907 1103 &
927 1063 1053 1103 taedio
1072 1063 1257 1116 gravibus
1272 1064 1364 1103 viris
1374 1075 1482 1104 erant
1494 1096 1505 1114 ,
1526 1065 1568 1104 δι
1587 1078 1610 1104 a
1623 1066 1780 1105 nemine

506 1119 748 1171 legebantur,
775 1117 842 1156 nist
867 1117 1102 1157 mulierculis
1121 1118 1162 1157 &
1182 1117 1502 1166 adolescentibus,
1522 1131 1565 1158 ut
1587 1118 1660 1159 hac
1680 1129 1779 1158 tem-

509 1173 669 1226 pestate,
696 1170 1027 1219 Romanenfium,
1053 1182 1098 1210 ut
1123 1183 1292 1220 vocant,
1318 1172 1534 1212 fabularum
1557 1172 1778 1226 scriptores.

506 1229 659 1267 Verum
679 1227 792 1266 huius
805 1226 882 1266 loci
896 1224 1120 1278 scripturam
1135 1226 1246 1266 nobis
1260 1225 1428 1266 servavit
1441 1226 1577 1267 Codex
1592 1226 1780 1280 Anglica-

509 1295 581 1322 nus
592 1314 603 1328 ,
627 1281 728 1335 apud
739 1279 1035 1321 Bourdelotium
1048 1310 1059 1326 ,
1074 1280 1114 1319 δι
1129 1292 1308 1333 excerpta
1321 1280 1448 1321 nostra
1459 1310 1470 1326 ,
1486 1282 1524 1320 in
1539 1281 1681 1334 quibus
1695 1283 1780 1334 ἐρα·

509 1338 607 1376 στὰς
623 1336 774 1388 legitur,
787 1335 895 1388 quod
908 1346 981 1387 pro
992 1334 1164 1386 ἐργάταις
1175 1336 1453 1388 reponendum.
1463 1335 1511 1375 Et
1523 1334 1575 1376 fic
1585 1334 1711 1388 legisse
1724 1337 1781 1376 vi-

509 1391 620 1430 detur
635 1389 823 1442 Micyllus
835 1419 847 1435 ,
861 1400 904 1428 ut
913 1401 962 1428 ex
975 1387 1154 1428 verslone
1167 1399 1293 1442 patet:
1324 1391 1443 1441 Qu‘are
1454 1390 1603 1441 historia,
1612 1392 1780 1443 fiquidem

511 1447 616 1484 obiter
632 1445 668 1483 δ’
689 1445 781 1483 velut
801 1444 987 1482 aunarium
1005 1443 1246 1482 iucunditatem
1267 1444 1417 1483 additam
1430 1445 1572 1491 habeat,
1592 1445 1780 1498 complures

509 1512 676 1539 amatores
691 1498 785 1549 adse
796 1498 914 1536 allicit.
935 1496 1067 1536 Paucis
1077 1497 1206 1537 verbis
1218 1497 1468 1550 interposuis,
1489 1499 1589 1538 male
1602 1497 1779 1538 scribitur

510 1555 552 1594 &
570 1553 789 1605 intelligitur
802 1552 862 1591 hic
874 1552 1005 1591 locus:
1027 1550 1083 1590 ἔτι
1097 1551 1244 1601 κᾴκεῖνο
1256 1551 1373 1591 εἰπεῖν
1387 1551 1508 1604 ἄξιον,
1527 1552 1584 1592 ὅτι
1598 1547 1684 1592 mise
1698 1567 1780 1607 τερ-

511 1609 600 1647 πνον
617 1607 653 1648 ἒν
676 1602 774 1655 αὐτῇ
786 1606 827 1643 τὶ)
847 1603 987 1655 nonis?
1001 1604 1187 1655 μυθῶὃες,
1206 1606 1272 1646 καὶ
1284 1608 1328 1645 τὸ
1340 1605 1412 1646 τῶν
1429 1607 1584 1646 ἐπαίνων
1597 1606 1780 1656 μάλιστα,

509 1661 730 1711 πρόσαντες,
742 1658 834 1711 παρ’
849 1658 1017 1710 ἑκάτερον
1028 1659 1105 1698 τοῖς
1118 1658 1310 1701 ἀκούουσιν
1325 1654 1376 1710 ἱῖν,
1385 1661 1436 1711 μὴ
1451 1663 1516 1701 τὸν
1528 1664 1702 1713 συρφετὸν
1713 1662 1781 1702 καὶ

510 1718 573 1755 τὸν
587 1715 703 1754 πολὺν
717 1713 835 1764 δῆμον
847 1713 1058 1759 ἐπινοῆσαι,
1073 1714 1178 1752 ἀλλὰ
1195 1714 1283 1754 τοὺς
1301 1713 1550 1761 ἒικοιστικῶς,
1567 1715 1632 1755 καὶ
1651 1715 1689 1762 νὴ
1701 1715 1779 1756 Δία.

511 1769 797 1818 συκοφαντικῶς
817 1767 972 1819 προσέτι
989 1781 1039 1821 γε
1055 1768 1365 1820 ἀκροασαμένους.
1387 1769 1576 1809 Vertunt:
1592 1769 1677 1809 Hoc
1692 1785 1780 1823 quo-

512 1840 574 1878 que
587 1825 653 1863 dici
667 1835 820 1870 meretur,
834 1836 898 1861 rem
914 1822 1013 1860 valde
1022 1820 1237 1873 fizbulofizm,
1249 1826 1399 1875 quodque
1412 1824 1448 1861 in
1467 1824 1599 1862 laudem
1611 1825 1779 1864 maximo-

507 1895 584 1932 pere
601 1877 764 1923 inclinat,
783 1876 937 1928 utrinque
954 1876 1166 1915 audientibus
1176 1892 1244 1916 non
1256 1877 1319 1929 ff
1335 1878 1540 1924 iucundum,
1562 1881 1641 1917 dum
1656 1894 1724 1918 non
1737 1881 1778 1918 de

504 1932 603 1986 fhece
622 1933 793 1971 hominum
813 1931 848 1969 δ’
865 1929 1058 1984 promiscua
1076 1932 1168 1983 plebe
1186 1932 1250 1970 hoc
1267 1931 1508 1983 intelligamus,
1518 1931 1632 1982 fidele
1643 1933 1700 1980 iis,
1719 1934 1780 1986 qui

513 1988 735 2027 iudicantium
747 2015 759 2033 ‚
782 2001 823 2024 ac
840 2001 900 2038 per
916 1985 1046 2033 Iovem,
1062 1984 1360 2038 sycophantarum
1379 2000 1466 2026 more
1485 1986 1691 2038 auscultant.
1716 1986 1777 2029 Μὴ

512 2042 673 2095 ponitur
693 2040 845 2093 quidem
870 2051 1155 2091 nonnunquam
1177 2053 1252 2093 pro
1270 2042 1350 2091 nist,
1373 2039 1435 2079 sed
1456 2041 1496 2079 in
1517 2040 1588 2080 hac
1613 2041 1780 2082 notione

512 2109 594 2135 non
614 2094 772 2134 memini
791 2092 1024 2132 infinitivum
1046 2092 1162 2146 sequi.
1188 2094 1281 2145 pr'
1295 2093 1462 2146 ἑκάτερον
1483 2095 1678 2135 ἀκούοντες
1691 2126 1701 2141 ,
1722 2096 1780 2135 in-

512 2159 788 2201 terpretantur,
802 2148 956 2200 utrinque
976 2148 1149 2187 audientes
1156 2163 1172 2194 ,·
1195 2148 1301 2201 quod
1315 2148 1405 2201 quid
1420 2147 1478 2197 fit,
1499 2161 1579 2189 non
1592 2148 1778 2203 intelligo.

513 2203 602 2243 Mis.
624 2202 745 2243 recle:
771 2202 861 2252 παρ’
885 2201 1055 2255 ἑκάτερον
1078 2202 1284 2248 ἁκούουσιν,
1306 2204 1343 2241 ἢν
1367 2202 1420 2252 μὴ
1442 2204 1504 2243 τον
1523 2206 1697 2255 συρφετον
1711 2205 1779 2244 καὶ

510 2262 576 2299 ’τον
585 2256 701 2296 ’πολὺν
716 2254 832 2307 &liuor
846 2254 993 2301 ἐπινοεῖ,
1012 2257 1048 2294 in
1059 2268 1216 2308 utroque,
1233 2255 1298 2296 vel
1308 2257 1344 2295 in
1354 2257 1484 2296 utrovis
1497 2272 1625 2304 eorum,
1649 2255 1779 2310 (fabu-

513 2313 557 2351 lis
570 2311 617 2352 sc.
630 2311 775 2358 nimiis,
798 2312 838 2351 δι
851 2310 1022 2363 operosis
1035 2309 1236 2364 laudibus)
1262 2311 1476 2350 audientibus
1493 2327 1561 2350 non
1574 2309 1634 2362 ff
1656 2311 1778 2351 iucun-
1824 2313 1827 2350 ἶ

514 2369 594 2406 dum
605 2397 618 2412 ,
634 2369 672 2416 fi
683 2381 749 2404 non
753 2363 883 2416 faecem
896 2366 1003 2417 plebis
1020 2365 1054 2403 δ’
1067 2366 1194 2416 vulgus
1204 2365 1345 2418 cogitet,
1356 2366 1420 2417 sed
1430 2380 1498 2404 eos.
1517 2367 1563 2404 Tb
1574 2363 1646 2403 τῶν
1664 2365 1777 2404 ἐπαί-

514 2435 576 2459 νων
589 2420 770 2470 μάλιστα,
783 2417 1008 2470 πρόσαντες,
1027 2418 1113 2458 sunt
1131 2419 1249 2458 laudes
1268 2419 1403 2465 nimiae,
1428 2434 1514 2471 quae
1532 2417 1706 2471 offlndunt
1714 2434 1777 2458 au·
1824 2414 1827 2450 ἶ

511 2475 631 2513 dientis
643 2475 804 2514 animum.
829 2473 889 2514 Sic
904 2474 1092 2526 προσάντη
1115 2475 1244 2527 λέγειν
1265 2473 1366 2526 apud
1387 2472 1505 2514 Diod.
1525 2472 1599 2514 Sic.
1614 2486 1660 2514 ea
1675 2473 1777 2517 dicet
1825 2487 1827 2508 ⁴
