1768 3185
98 204 170 250 IN
189 201 532 274 QUOMODO
560 198 722 247 His-11
740 195 841 246 stT
862 196 1123 245 CONSCR.
1191 215 1283 266 493

10 302 76 332 tor
91 302 220 331 autem
237 287 432 330 Benediffi
445 289 531 327 inde
543 299 672 334 ortus,
690 286 796 341 quod
810 286 848 325 in
864 285 1065 326 nonnullis
1078 287 1161 326 edd.
1181 293 1287 339 Πομ-

10 344 126 385 πηΐου
139 344 309 393 πολίτης,
322 342 536 382 ἀίεἰυηᾶἰιῃ
550 341 730 394 scriptum
743 372 753 389 ‚
769 340 829 379 vel
841 340 997 379 duobus
1011 351 1139 380 tamen
1153 341 1288 382 a'ccen-

11 399 127 439 tibus.
139 398 185 438 In
200 398 293 437 lanta
303 409 403 437 vero
416 395 519 436 reete
534 407 614 435 erat
626 425 638 441 ‚
652 407 694 434 ut
710 395 895 434 dedimus.
909 394 1057 433 Rarrz.

67 453 143 491 ead.
156 452 180 490 l.
192 465 229 504 9.
243 450 558 502 Πομπηϊουπολ.)
574 449 690 488 Duae
704 449 816 488 huius
829 449 995 487 nominis
1007 448 1122 487 urbes
1139 460 1287 488 memo-

11 517 163 546 rantur:
181 506 298 544 altera
313 506 352 544 in
367 504 517 551 Cilicia,
531 506 571 543 in
582 503 845 556 Paphlagonia
860 502 988 542 altera.
1005 501 1070 542 De
1085 501 1312 555 posteriori-

11 559 204 612 intelligo.
230 558 390 598 SOLAN.
1056 565 1063 567 ⁴

66 616 141 652 ead.
150 614 174 652 l.
186 625 245 666 13.
255 611 514 664 Κερκυραῖον-
527 608 678 663 ῥήτορσι)
692 610 922 650 Armenium
936 619 1135 650 oratorem
1149 609 1288 650 indica-

11 679 58 707 re
66 668 232 714 videtur,
246 667 314 719 qui
327 680 349 706 a
360 667 551 705 Romanis
563 666 750 704 auxilium
762 664 887 703 iisdem
898 665 1026 703 verbis
1037 675 1195 716 peteret,
1207 667 1290 718 qui.

13 722 87 761 bus
108 719 324 772 Corcyraei
345 720 446 773 apud
459 719 732 772 Thucydidem
753 718 801 757 ab
823 716 1120 757 Atheniensibus
1138 728 1284 770 petunt.

13 775 69 815 V.
86 774 212 814 Thuc.
230 774 255 813 l.
268 787 300 814 c.
316 773 377 822 δι,
401 773 427 812 si
446 774 571 822 lubet,
594 773 692 813 Pott.
709 771 904 823 κερκυροιῖοι
923 771 1085 823 μάστιξ.
1103 785 1191 825 239.
1213 772 1290 812 SO-

12 840 115 869 ιΑΝ.
132 828 415 880 Vid.Thucyd.
430 827 468 877 Ι,
481 842 547 880 32,
567 825 810 879 adscripserat
824 825 998 865 Solanus.
1016 825 1062 864 Et
1075 838 1171 864 mox
1186 827 1232 866 ad
1250 842 1291 866 v.

15 882 93 936 seq.
104 882 179 921 vid.
190 881 379 933 Thucyd.
395 881 446 928 11,
465 894 525 932 ¹7·
540 881 586 920 Et
600 880 685 935 post
700 892 774 919 tres
787 878 922 919 versus
937 878 1086 918 rursum
1103 879 1288 933 Thucyd.

16 935 69 985 11,
81 935 148 985 48,
159 947 298 989 nempe
311 937 357 976 ad
369 936 510 975 verba:
527 936 607 973 ἀπὸ
622 935 810 974 Αἰθιοπίας
830 932 981 985 ἤρξατο.
1000 933 1146 973 ΗΕΙΠ.

69 993 144 1030 ead.
155 991 180 1029 l.
201 1004 262 1039 14.
277 988 502 1043 Νισιβηνοῖς)
524 989 676 1036 Nifibis‚
693 989 799 1042 prius
811 987 1019 1027 Antiochia
1039 987 1292 1028 Macedoniae

14 1043 132 1091 dicta,
152 1043 254 1084 ultra
270 1044 489 1097 Euphraten
505 1042 572 1082 sita
584 1054 676 1083 erat.
701 1042 764 1081 De
778 1042 847 1081 hac
863 1042 957 1082 urbe
972 1042 1113 1095 Xiphil.
1128 1042 1168 1081 in
1181 1042 1289 1082 Trai.

17 1112 98 1151 249
112 1098 155 1139 δι
167 1111 212 1150 25
224 1111 239 1136 1
254 1097 301 1139 C.
315 1098 356 1138 δι
369 1097 573 1151 Spanhem.
589 1098 678 1147 605.
700 1096 858 1136 SOLAN.

71 1155 147 1191 ead.
162 1152 187 1191 l.
203 1153 260 1192 16.
279 1150 557 1204 Πελασγικοῦ)
570 1152 659 1191 Vid.
674 1150 858 1202 Thucyd.
876 1148 925 1197 ῙῙ,
944 1163 1007 1199 17,
1025 1149 1091 1203 qui
1104 1148 1208 1190 nefas
1220 1150 1292 1190 du-

17 1205 112 1246 xiffe
124 1205 380 1246 Athenienses
397 1205 579 1245 observat
599 1206 636 1245 in
661 1218 711 1244 eo
731 1205 820 1244 loco
838 1217 1072 1257 quemquam
1100 1205 1293 1253 habitare,

48 1273 138 1300 uem
160 1270 290 1300 tamen
311 1259 532 1313 scrupulum
554 1257 749 1300 neceffitas
773 1257 977 1298 obsidionis
1001 1259 1157 1298 exemit.
1182 1259 1293 1298 Adde

17 1273 117 1354 {lim
131 1313 232 1363 Vll,
258 1314 317 1366 56.
337 1313 443 1354 Paus.
459 1314 541 1353 Att.
562 1314 660 1354 Plut.
673 1313 813 1353 Them.
828 1313 930 1365 App.
947 1312 1080 1352 Mithr.
1101 1311 1164 1352 De
1173 1327 1291 1364 μακρ.

21 1367 658 1475 ⁷⁶323¹1¹÷J¹¹2¹Jff0ssa⁹2322¹23
668 1366 1050 1460 ’dixistine-0.
1069 1420 1128 1472 35.
1147 1419 1296 1461 ιω.

76 1476 162 1515 ibid.
182 1478 276 1515 Ἀπδ
291 1476 499 1529 Αἰθιοπίας)
515 1476 597 1516 Cur
612 1486 741 1515 autem
757 1487 805 1514 ex
817 1475 1025 1528 Aethiopia
1039 1474 1159 1527 usque
1175 1488 1295 1528 nuga-

21 1541 87 1570 tor
108 1530 172 1570 ille
186 1530 334 1583 petierit
347 1560 361 1577 ,
381 1531 524 1584 aperiet
546 1529 668 1570 leetus
679 1528 944 1581 Thucydides.
968 1527 1027 1582 (ΙΙ
1041 1559 1052 1575 ,
1069 1528 1156 1582 48.)
1176 1529 1295 1582 Apud

23 1585 128 1625 hunc
142 1586 243 1624 enim
257 1585 407 1624 initium
421 1584 532 1646 pesiis
546 1585 660 1630 illius,
673 1597 720 1623 ex
733 1584 953 1636 Aethiopia,
967 1595 1066 1635 quae
1079 1595 1147 1643 per
1159 1583 1297 1635 Aegy.

23 1650 196 1732 {3235
183 1637 334 1732 1353?AE
341 1639 457 1732 {¹5sz
461 1637 794 1745 {²5:3222351s25ffi?
784 1640 1207 1745 hississffffi‘iffehsss‘}
1206 1638 1294 1732 ἑὲῗζ

23 1757 86 1786 tra
97 1745 210 1787 fidem
223 1746 402 1786 historiae
416 1747 463 1786 ad
476 1746 543 1786 sua
560 1758 734 1800 tempora
747 1745 1001 1786 transtulerat.
1028 1744 1171 1798 Coepit
1190 1748 1294 1785 enim

22 1800 240 1849 Seleuciae,
254 1801 330 1842 vid.
345 1800 512 1854 Capitol.
530 1802 569 1840 in
583 1802 694 1841 Vero
705 1813 739 1840 c.
749 1800 785 1848 8,
801 1799 842 1839 δι
856 1801 893 1838 in
905 1812 993 1839 eum
1007 1799 1138 1838 locum
1151 1799 1294 1839 Salma-

26 1855 68 1894 fii
82 1866 215 1903 notas;
226 1855 267 1895 δι
277 1855 409 1894 Amm.
423 1855 594 1894 Marcell.
608 1854 729 1907 Quae
741 1867 802 1894 res
813 1853 1019 1893 observata
1031 1853 1186 1893 Medico
1198 1853 1295 1893 sum-

26 1921 96 1949 mo
115 1909 228 1949 huius
245 1909 381 1949 aetatis
392 1909 586 1950 Richardo
598 1909 714 1949 Mead
729 1906 907 1961 persuasit
919 1937 932 1953 ,
946 1907 1087 1960 pestem
1104 1906 1177 1946 effe
1192 1921 1296 1947 mor-

25 1962 121 2003 bum
135 1962 381 2010 Africanum‚
407 1964 476 2016 qui
496 1963 576 2002 aliis
589 1963 627 2002 in
640 1962 867 2016 regionibus
887 1974 1085 2014 nunquam
1106 1961 1297 2009 nascatur,

26 2016 91 2058 fed
102 2030 151 2058 ex
163 2017 369 2072 Aethiopia
379 2018 426 2056 ad
437 2017 528 2056 alias
541 2027 686 2070 gentes,
695 2018 724 2055 sl
738 2029 798 2057 res
809 2016 911 2056 re6Ie
925 2015 1190 2068 investigetur,
1201 2015 1298 2056 sem-

26 2084 97 2125 per
118 2084 185 2123 per
206 2072 428 2124 contagium
448 2071 615 2124 perlatus
634 2072 867 2111 inveniatur.
886 2070 988 2110 Vide
1002 2070 1165 2116 librum,
1179 2083 1296 2122 quern

29 2125 198 2178 Anglice
211 2129 250 2165 de
263 2127 358 2179 Peste
369 2125 486 2165 edidit
498 2156 509 2173 ,
524 2125 657 2165 Latine
667 2126 782 2165 etiam
796 2125 837 2164 in
848 2135 1072 2165 exterorum
1085 2126 1245 2177 gratiam
1258 2125 1298 2164 in

28 2179 234 2220 Hollandia
248 2179 444 2220 excusum.
469 2179 625 2220 Sem.

84 2236 159 2273 ead.
172 2235 197 2272 l.
210 2249 247 2282 4.
262 2234 315 2272 Ἐν
326 2232 437 2282 ἐκείνῃ
453 2247 508 2285 ’γε
519 2233 672 2288 ἔμεινεν)
685 2234 776 2273 Hoc
845 2232 880 2271 'd
895 2231 988 2272 velit
1001 2263 1012 2279 ‚
1035 2232 1076 2271 &
1090 2245 1206 2285 quam
1221 2231 1302 2272 cal·

28 2287 104 2328 lide
114 2300 137 2327 a
151 2287 322 2328 Luciano
335 2288 397 2327 hic
411 2288 577 2327 additum
594 2287 660 2336 sit,
672 2287 774 2327 haud
824 2286 893 2327 cile
906 2286 1109 2340 intelliget,
1125 2288 1188 2326 cui
1203 2298 1302 2326 tem·

29 2342 137 2396 poris
159 2341 261 2382 illius
284 2341 436 2382 historia
454 2342 572 2381 menti
593 2354 673 2382 non
697 2340 977 2381 obversabitur.
1014 2342 1106 2380 Non
1131 2339 1300 2380 constitit

31 2396 135 2436 enim
148 2395 225 2436 illic
237 2395 362 2450 pestis,
380 2409 498 2450 quam
511 2408 637 2435 vanus
655 2396 716 2435 ille
729 2395 889 2449 scriptor
906 2396 943 2434 in
956 2394 1082 2434 hostes
1097 2394 1303 2434 Romano-

31 2462 121 2489 rum
135 2449 239 2490 solos
250 2449 454 2490 immiserat
463 2481 475 2499 ‚
496 2449 556 2490 sed
570 2463 591 2489 a
605 2450 701 2489 Veri
714 2450 882 2490 exercitu
897 2451 933 2488 in
946 2448 1196 2488 Occidentem
1213 2449 1301 2488 illa-

34 2514 87 2555 ω,
101 2516 170 2559 per
182 2503 343 2553 Italiam,
351 2504 616 2555 Germaniam,
628 2505 719 2545 alias
731 2504 848 2546 credo
858 2505 972 2545 etiam
983 2502 1162 2559 Europae
1177 2503 1301 2556 regio·
