1768 3185
302 206 407 253 IN
474 206 1227 258 HERMOTIMUM.
1308 231 1398 279 403

129 311 213 338 nam
222 297 718 353 dist-iplinamfingulifiientes
729 300 767 337 de
783 297 936 338 omnibus
950 300 1232 351 pronuntiabunt.
1243 302 1400 344 SOLAN.

187 354 278 405 Pag.
288 368 351 403 72.
368 355 391 393 l.
404 354 439 392 6.
457 351 628 405 oasim)
643 352 739 392 Plut.
752 353 790 390 in
802 354 1082 392 commentario
1093 354 1139 393 de
1151 355 1305 396 defeffis
1317 371 1403 397 ora-

130 407 225 447 culis
237 408 390 447 videtur
402 407 448 445 ad
462 406 650 446 Alcaeum
667 405 831 451 referre,
845 403 882 445 οὗ
898 408 988 446 κατ’
1002 407 1183 455 Ἀλκαῖον,
1200 410 1342 462 inquit,
1358 412 1400 463 ἐξ

131 460 271 512 ’ὄνυχος
285 464 348 499 τὴν
361 462 499 499 λέοντα.
510 461 738 512 γράφοντας.
753 460 898 500 COGN.

183 515 263 554 ibid.
272 516 434 566 ’Ὀνυχοι
443 515 548 558 μόνον
562 513 725 566 λέοντος)
741 514 853 553 Unde
865 525 990 553 ortam
1004 517 1235 566 paroemiam
1247 545 1257 565 ,
1270 517 1312 556 ἐκ
1327 516 1400 558 τῶν

129 566 267 621 ὀνύχων
285 569 436 613 λέοντα,
454 567 580 606 ferunt
598 568 786 606 nonnulli.
802 568 907 606 Brod.
920 570 968 607 V.
985 568 1083 608 Plut.
1100 574 1148 608 Π.
1160 576 1401 625 xpm-nno,

135 634 169 671 ι,
189 618 240 661 Οὐ
258 623 348 661 κατ’
364 621 534 660 Ἀλκαῖον
556 620 596 672 ἐξ
616 621 753 673 ’ὄνυχος
769 624 829 661 τον
846 623 979 661 λέοντα
996 625 1223 674 γράφονται.
1242 625 1401 667 SOLAN.

182 677 256 715 ead.
268 676 294 716 l.
306 690 342 726 7.
356 675 700 728 Ἀνοιλελογίο-ῧοιι)
713 675 962 714 Praeteritum
978 675 1164 729 paffivum
1176 707 1185 723 ,
1201 678 1329 720 ειὲὶίνε
1341 690 1400 719 ta-

129 741 219 769 men
230 729 580 783 interpretandum,
597 740 680 767 tum
702 730 795 781 quia
809 728 921 768 acliv.
945 731 1154 783 &voeaoyigco
1171 733 1209 770 in
1226 733 1295 773 usu
1319 745 1400 774 non

128 782 202 830 est,
221 793 302 822 tum
323 784 414 836 quia
436 782 653 822 huiusmodi
671 794 848 835 tempora
872 782 1040 836 paffivae
1062 787 1341 827 terminationis
1361 790 1399 827 in

128 836 213 876 aliis
224 838 337 876 etiam
356 837 482 877 verbis
499 837 626 876 affive
638 837 791 884 valent3
805 837 880 876 vid.
897 836 1062 877 lensium
1077 838 1176 878 infra
1188 840 1234 879 ad
1247 841 1402 895 Tyran-

128 891 242 931 nicid.
253 904 335 944 cap.
355 905 414 930 12.
431 891 574 929 Rmz.

181 945 273 998 Pag.
285 958 349 998 73.
362 945 385 984 l.
405 957 437 997 5.
452 941 584 992 Οὕτω,
601 943 740 993 καίμοι
759 943 861 997 διε.)
875 944 1008 985 Verba
1021 946 1090 985 καί
1102 961 1168 997 μοι
1185 947 1280 987 τὸὃε
1301 948 1399 988 &vrb-

127 1013 264 1050 κρίνου,
284 999 448 1039 Solanus
462 999 500 1037 in
515 1000 608 1037 lunt.
624 997 836 1050 parenthesi
859 997 1081 1057 incluserat,
1106 1001 1207 1041 reSte
1225 1004 1333 1054 quod
1353 1004 1398 1043 ad

126 1051 274 1092 sensum
288 1083 301 1099 ,
320 1051 382 1092 sed
404 1052 539 1093 sufficit
557 1065 646 1092 eum
671 1052 926 1092 commatibus
944 1052 1162 1094 distinxisse:
1183 1054 1210 1094 si
1227 1057 1319 1109 quid
1340 1068 1398 1096 ta-

127 1119 216 1146 men
232 1107 455 1146 mutandum
471 1137 484 1153 ,
499 1118 573 1159 pro
587 1102 717 1154 οἱίτως,
732 1106 896 1159 legerem
910 1106 1010 1146 ὅπως
1029 1111 1192 1160 quomodo
1203 1139 1216 1156 ,
1240 1110 1276 1149 id
1293 1113 1397 1151 enim

125 1158 272 1200 sensum
285 1159 375 1201 facit
389 1160 598 1214 planiorem
611 1174 624 1208 3
639 1159 706 1200 etsi
720 1157 905 1200 formulas
920 1162 1179 1214 interrogandi
1191 1164 1307 1203 etiam
1320 1167 1397 1205 sine

125 1215 320 1268 particulis
343 1215 558 1254 huiusmodi
582 1215 673 1268 poni
704 1213 804 1261 scio,
827 1216 993 1268 ideoque
1018 1217 1273 1257 mutationem
1294 1218 1397 1259 haud

126 1269 225 1308 adeo
240 1268 480 1310 neceffariam
500 1280 609 1322 puto.
625 1269 773 1308 RmTz.

183 1323 271 1378 Pag.
285 1337 348 1373 74.
362 1324 384 1362 l.
402 1338 436 1363 2.
449 1319 566 1362 Ou's‘ev
575 1325 654 1375 ’γᾶς
664 1328 752 1374 πρὸς
764 1325 824 1361 τον
835 1322 1023 1376 Διόνυσον)
1039 1322 1177 1363 Erasm.
1190 1324 1227 1364 in
1241 1325 1394 1378 adagio,

128 1377 220 1415 nihil
228 1379 279 1416 ad
284 1378 471 1417 Bacchum.
491 1377 630 1416 BROD.
646 1377 752 1415 Nihil
763 1377 824 1428 ista
838 1377 1083 1418 aa'Bacclzum.
1104 1379 1210 1418 Haec
1228 1380 1394 1420 clausula

127 1430 166 1470 in
181 1431 432 1484 proverbium
446 1431 549 1478 abiit,
561 1443 644 1484 quo
659 1430 910 1484 significatur,
924 1431 986 1470 illa
1002 1433 1091 1470 nihil
1104 1432 1152 1471 ad
1168 1446 1247 1472 rem
1261 1435 1395 1473 attine-

121 1497 190 1533 re,
210 1485 251 1525 &
271 1486 430 1525 nimium
449 1484 686 1538 inaequalem
713 1484 786 1524 effe
809 1487 1150 1538 comparationem.
1166 1486 1332 1527 Alcaeus
1353 1489 1392 1527 in

124 1538 290 1579 Baccho.
310 1540 402 1592 Vid.
422 1539 560 1580 Erasm.
574 1538 735 1578 Chiliad.
753 1539 901 1580 COGN.
1033 1581 1052 1591 Α

124 1627 127 1629 .
179 1595 253 1632 ead.
271 1595 294 1632 Ι.
312 1608 346 1647 3.
358 1592 404 1631 Ὠ
417 1592 519 1646 ποιΐ)
537 1594 572 1631 Ο
579 1608 676 1646 puer,
688 1608 707 1632 o
717 1594 872 1646 imperite.
886 1593 1026 1632 BROD.
1040 1590 1085 1630 Ὠ
1098 1591 1326 1648 παῖλέγων)
1337 1595 1393 1635 Ita

126 1646 182 1686 M.
195 1646 234 1686 P.
250 1647 294 1687 L.
313 1647 353 1687 δι
375 1648 482 1700 impr.
497 1647 682 1700 plerique.
705 1646 775 1686 Sed
792 1647 882 1700 quid
901 1648 992 1686 haec
1004 1645 1073 1685 fibi
1089 1648 1232 1695 velint,
1251 1662 1393 1697 nemo,

124 1702 242 1757 credo
254 1731 267 1748 ,
287 1701 492 1755 intelligat:
509 1714 585 1754 ego
596 1713 698 1741 certe
710 1701 840 1741 locum
853 1711 1081 1754 corruptum
1095 1703 1319 1754 pronuntio.
1334 1703 1364 1742 F
1365 1704 1392 1744 1.

128 1757 274 1795 ὦπταί.
285 1756 386 1795 Vide
397 1769 490 1796 num
508 1754 713 1810 respexerit
730 1757 777 1794 ad
791 1755 806 1794 ὁ
821 1756 902 1795 πῖις
914 1755 1018 1800 λέων,
1032 1756 1137 1807 quod
1156 1754 1269 1809 supra
1284 1756 1393 1797 usur·

126 1821 286 1863 paverat
306 1810 573 1850 Hermotimus
594 1822 627 1848 c.
647 1823 704 1860 54.
720 1809 800 1849 Nisi
814 1809 920 1848 malis
939 1808 954 1847 ὃ
973 1807 1052 1847 ποῖς
1067 1810 1197 1862 λόγος,
1211 1821 1254 1849 ut
1271 1815 1389 1851 Μίσῧ.

123 1875 159 1903 c.
177 1878 227 1913 4,
242 1863 284 1903 &
299 1868 337 1903 Ζ.
352 1867 409 1916 Τρ.
435 1877 466 1904 c.
485 1865 544 1902 16.
560 1863 637 1902 Pro
655 1865 778 1915 λέγων
800 1864 838 1902 in
856 1864 943 1902 Exc.
959 1863 1077 1902 Periz.
1089 1862 1143 1902 est
1154 1864 1286 1916 γέλων.
1299 1865 1390 1905 Vid.

124 1915 223 1957 Plut.
237 1917 313 1970 892
328 1918 372 1958 Β.
387 1917 510 1958 Clem.
524 1917 641 1971 Aleyf.
657 1931 692 1970 p.
711 1931 755 1969 19
769 1917 816 1956 A.
833 1917 910 1967 ἐμοὶ
924 1916 993 1966 μὲν
1008 1912 1090 1955 οὗθ’
1103 1915 1118 1954 ὃ
1133 1918 1215 1956 ’τοῖς
1228 1918 1273 1956 ἂν
1286 1919 1391 1969 ἀρκέ-

121 1984 170 2021 σῃ
186 1972 328 2024 χρόνος.
345 1971 408 2011 Sic
424 1970 533 2011 ἕιποις
550 1970 566 2009 ὃ
590 1974 695 2019 οἶνος,
709 1984 742 2011 c.
764 1971 820 2023 58.
835 1969 944 2010 ἄπας
958 1969 973 2007 ὃ
986 1969 1100 2018 πίθος,
1114 1983 1149 2010 c.
1167 1983 1224 2025 59.
1245 1969 1390 2012 zaoram

121 2028 345 2075 φιλοσοφία,
358 2038 442 2078 cap.
458 2027 524 2071 61,
538 2025 578 2064 δι
594 2038 627 2065 c.
641 2025 702 2065 66.
714 2023 798 2078 Ego
811 2024 827 2063 ὅ
843 2023 923 2064 πᾶς
937 2026 1024 2062 λέων
1037 2024 1277 2064 Lucianeum
1292 2025 1366 2066 effe
1379 2058 1391 2075 ‚

123 2090 204 2118 non
219 2080 366 2119 dubito.
379 2079 546 2119 Similem
563 2091 733 2118 errorem
747 2079 834 2118 vide
850 2077 1044 2117 admiffum
1059 2091 1081 2117 a
1103 2079 1233 2118 multis
1245 2075 1338 2133 Εὖχ.
1352 2094 1386 2121 c.

124 2133 190 2174 26.
202 2133 363 2173 SOLAN.
375 2132 633 2186 Adscripserat
651 2133 709 2172 vir
723 2134 877 2185 quidam
892 2133 1028 2173 doctus
1038 2133 1200 2185 margini
1211 2134 1297 2172 edit.
1315 2135 1390 2173 Ha-

123 2198 210 2240 gen.
225 2181 357 2227 §imas
368 2218 382 2234 ‚
401 2187 530 2228 nescio
545 2200 636 2226 num
649 2187 781 2226 Simon
794 2187 978 2226 Servetus
989 2216 1000 2234 ‚
1015 2198 1063 2224 an
1079 2186 1135 2225 Io.
1152 2186 1363 2240 Bellagrius
1374 2218 1388 2234 ‚

122 2241 322 2295 utriusque
340 2242 442 2281 enim
467 2254 633 2287 nomen,
657 2253 708 2297 υτΠ
719 2240 952 2294 poffefforis,
969 2241 1008 2279 in
1027 2238 1155 2279 fronte
1175 2241 1288 2280 huius
1302 2241 1389 2281 libri

122 2293 303 2347 scriptum
319 2296 488 2336 invenio.
511 2296 564 2334 At
579 2295 669 2334 illud
688 2291 815 2334 (Borma
831 2306 933 2334 certe
955 2294 1250 2334 convenientius
1264 2293 1389 2345 foret,

124 2361 242 2403 quam
256 2343 283 2390 ὦ
301 2349 396 2398 παῖ,
415 2350 520 2402 quod
541 2350 602 2389 hic
619 2347 908 2399 ἀπροσέίὸνυσον
930 2348 992 2388 est.
1008 2348 1069 2387 Sic
1089 2349 1191 2387 enim
1212 2349 1299 2388 dicit
1312 2349 1388 2389 Lu-

122 2404 271 2444 cianus:
291 2404 381 2443 nihil
391 2405 578 2458 appofitum
589 2405 682 2455 wfits
694 2404 739 2453 est
753 2404 854 2442 dicere
870 2403 1026 2442 Phidias.
1043 2402 1141 2440 Nam
1157 2401 1224 2441 etsi
1237 2403 1347 2450 dicas,
1363 2417 1387 2442 a

124 2456 296 2498 Luciano
311 2459 619 2511 puerum‘vocari
632 2457 919 2496 Hermotimum
931 2485 942 2502 ‚
956 2469 1023 2509 per
1037 2456 1261 2504 ludibrium,
1279 2457 1387 2510 quod

125 2510 287 2553 iunioris
308 2511 423 2553 instar
435 2511 603 2566 discipuli
624 2511 793 2565 quetidie
808 2510 977 2551 scholam
993 2509 1293 2603 plglosophicam
1304 2510 1388 2552 ἷκε·

1070 2576 1091 2604 c
1120 2578 1142 2604 2
