1768 3185
135 242 205 288 IN
224 239 564 308 QUOMODO
589 238 749 285 HIST.
769 235 870 283 SIT
891 235 1149 284 CONSCR.
1220 254 1308 304 521

43 369 46 372 ,
96 330 170 367 ead.
182 329 206 367 l.
219 341 252 366 2.
269 325 466 379 Συνιέναι)
483 327 608 366 Antea
632 326 832 379 legebatur
855 325 1039 374 συνεῖναι,
1057 326 1183 366 minus
1196 339 1310 380 apte,

43 379 133 422 cum
146 380 198 421 ita'
211 379 371 420 facultas
384 393 460 420 una
475 381 683 433 eademque
698 381 952 432 intelllgatur3
969 392 1070 420 nunc
1082 391 1255 433 utraque.
1267 382 1315 422 In

42 447 90 477 ea
103 446 233 480 autem
251 447 352 475 voce
366 433 475 475 facile
494 434 665 487 peccari,
687 434 728 475 &
746 447 806 474 res
820 433 896 486 ipsa
910 435 951 475 &
970 435 1190 488 exemplum
1206 448 1238 474 c.
1261 449 1316 484 44

43 488 194 528 abunde
214 487 429 528 ostendunt.
447 488 605 528 SOLAN.
624 487 899 529 Obsecundavi
911 488 1058 528 Solano
1071 519 1081 533 ,
1098 490 1259 528 συνιέναι
1274 502 1318 528 e-

43 543 160 591 dens,
183 555 255 595 pro
270 543 432 596 vulgato
451 542 632 588 συνεῖναι,
654 543 747 595 quia
771 541 916 582 Nostro
938 543 988 582 ita
1009 541 1189 583 ufitatum
1207 542 1322 583 novi.·

44 595 124 637 Etsi
150 597 250 637 enim
267 597 426 637 συνεῖναι
443 609 604 649 quoque
618 610 641 635 a
666 598 812 646 συνίημι
836 595 992 636 formari
1006 595 1158 636 tradunt
1174 595 1328 636 Gram«

44 651 194 699 matici3
213 662 341 691 tamen
364 651 426 691 hic
454 650 564 690 nimis
583 650 808 703 ambiguum
829 650 954 697 foret,
973 650 1014 690 δι
1027 651 1202 690 nondum
1226 649 1320 689 satis

44 704 256 757 probatum
276 704 330 745 est
351 716 434 745 uno
460 703 635 744 alterove
659 703 895 750 testimonio,
916 703 1072 743 συνεῖναι
1093 704 1191 743 idem
1215 703 1316 752 effe,

45 759 153 812 quod
166 759 346 804 συνιέναι,
361 758 451 811 quia
464 771 573 798 error
587 771 609 797 a
622 759 852 811 compendio
867 757 1048 798 scribendi
1063 758 1101 797 in
1117 757 1317 798 infinitivis

43 811 142 853 hisce
161 811 300 852 usitato
311 843 322 860 ‚
336 811 444 852 facile
459 812 585 864 potuit
600 812 757 852 oboriri.
772 813 980 852 Herodian.
995 822 1121 851 tamen
1138 812 1179 850 L.
1196 811 1256 858 11,
1272 825 1316 862 9,

44 880 114 920 -ις,
130 861 227 906 οὕτω
240 866 306 905 καὶ
323 868 397 905 τὰς
416 866 582 905 ὃιανοίας
596 865 764 917 παχεῖς,
778 865 840 904 καὶ
849 865 903 915 μὴ
921 865 1057 916 ῥαδχίως
1072 865 1232 904 συνεῖναι
1246 865 1317 904 ὃν·

43 922 204 971 ναμένοι,
225 921 275 959 ita
286 919 480 972 crqffbsunt
493 921 624 973 ingenio
635 949 646 964 ,
659 920 694 958 ἐξ»
707 935 775 958 non
788 919 897 971 facile
899 921 1074 972 sentiunt,
1081 921 1119 970 fi
1128 920 1209 971 quid
1225 933 1315 971 aga-

43 985 102 1013 tur
111 973 234 1026 dolofi.
250 974 299 1014 Et
314 974 404 1014 licet
419 975 475 1012 Η.
490 975 579 1013 Ald.
591 974 647 1013 H.
661 974 691 1013 I.
708 974 749 1013 &
769 976 1002 1013 recentiores
1020 974 1183 1012 habeant
1197 974 1317 1012 συνεῖ-

43 1042 107 1068 ναι
119 1059 130 1076 ,
143 1040 216 1068 nec
231 1027 370 1068 Codex
382 1039 634 1073 memoretur,
646 1027 714 1080 qui
727 1028 832 1067 aliter
847 1028 948 1080 legat
961 1058 972 1075 ,
984 1039 1111 1067 tamen
1126 1039 1316 1079 typogra-

44 1081 199 1134 phicum
212 1093 363 1121 tantum
377 1083 519 1121 vitium
533 1081 663 1127 credo,
678 1095 765 1122 cum
783 1081 978 1122 versiones
990 1082 1149 1121 Latinae
1163 1082 1235 1120 iam
1248 1094 1318 1120 ex·

44 1134 241 1189 press’erint
261 1136 465 1189 intelligendi
485 1136 673 1182 verbum3
695 1148 813 1189 quare
837 1136 1011 1175 monenti
1035 1135 1180 1176 Solano
1205 1145 1316 1176 tanto

43 1188 192 1230 facilius
204 1189 410 1231 obsecutus
423 1189 518 1229 sum.
533 1190 681 1229 Rfflrz.

97 1247 171 1283 ead.
191 1245 216 1284 l.
237 1259 274 1293 4.
290 1244 362 1283 Καὶ
376 1243 527 1296 ’γνώμην
545 1244 832 1295 erpa-tammam
850 1242 958 1282 ἀλλὰ
981 1243 1086 1293 μετὰ
1112 1240 1179 1281 ταῖς
1203 1250 1318 1282 πολιὲ

43 1297 167 1345 emir,
190 1298 254 1338 καὶ
275 1298 470 1349 ἐμπειρίαν
488 1297 750 1350 στρατηγικὴν
769 1296 906 1350 ἔχειν)
925 1298 994 1336 Καὶ
1019 1299 1170 1350 γνώμην
1195 1311 1316 1349 στρα-

43 1350 233 1400 τιωτικὴν,
253 1352 363 1390 ἀλλὰ.
383 1352 489 1401 μετὰ
503 1350 724 1398 πολιτικῆς,
745 1351 810 1389 καὶ
833 1349 1025 1402 ἐμπειρίας
1048 1349 1314 1403 στρατηγικῆς

42 1404 157 1459 ἔχων.
179 1405 358 1459 Requirit
378 1406 418 1447 in
441 1404 683 1444 historiarum
705 1403 824 1444 scriba
847 1416 1014 1444 mentem
1043 1404 1248 1455 praeditam
1269 1404 1312 1443 δι

42 1462 97 1500 rei
115 1460 288 1500 militaris
299 1459 427 1512 aliqua
441 1459 575 1498 notitia
586 1489 600 1505 ,
621 1459 662 1498 δι
676 1457 827 1498 scientia
871 1457 1001 1498 olitica
1013 1487 1024 1505 ‚
1039 1457 1080 1497 δι
1097 1457 1167 1496 usu
1193 1459 1317 1510 impe·

43 1514 204 1554 ratorio.
221 1514 338 1560 Eant,
352 1513 506 1553 videant
525 1513 644 1552 nostri
662 1511 778 1552 seculi
795 1512 830 1551 hi
864 1513 1034 1552 oriarum
1053 1511 1289 1551 scribillones
1302 1540 1318 1557 ,

42 1568 183 1620 ecquid
207 1566 393 1608 eiusmodi
415 1566 578 1621 trogalia
602 1567 642 1605 in
671 1565 741 1606 suo
769 1565 854 1606 {inu
880 1576 948 1606 aut
979 1578 1082 1619 penu
1107 1566 1318 1606 inventuri.

43 1622 234 1662 MARcu..

98 1679 170 1716 ead.
182 1678 205 1716 l.
221 1668 423 1728 6.”Εχειν)
444 1673 758 1715 Emendationem
778 1672 942 1712 Marcilii
954 1671 1097 1725 recepit
1111 1671 1148 1710 in
1164 1682 1316 1712 textum

43 1728 304 1770 Salmurienfis
316 1729 439 1769 editor
451 1728 694 1774 Benedictus,
706 1726 748 1767 &
758 1726 844 1766 sane
857 1727 903 1766 ad
915 1725 1154 1767 venustatem
1166 1726 1242 1766 loci
1259 1726 1321 1765 faa

43 1796 131 1824 cere
146 1784 320 1831 videtur3
334 1783 395 1822 sed
413 1783 507 1835 quia
522 1782 728 1822 commoda
739 1780 824 1821 satis
835 1781 888 1821 est
904 1781 1076 1832 vulgata,
1095 1781 1133 1819 δι
1147 1780 1317 1819 nonnul-

43 1838 80 1878 la
94 1837 180 1878 sunt
199 1839 236 1877 in
247 1850 296 1878 eo
309 1837 400 1877 loco
412 1835 599 1876 salebrosa
609 1866 620 1882 ‚
632 1848 731 1888 quae
743 1847 819 1888 ego
832 1846 1030 1887 penetrare
1046 1845 1124 1872 non
1137 1832 1290 1885 poffum
1299 1855 1314 1881 ›‚

43 1892 127 1931 aliis
138 1891 277 1932 intacta
289 1891 479 1943 relinquo,
490 1890 531 1929 δι
550 1889 773 1941 scripturam
788 1901 962 1927 veterum
978 1887 1164 1926 librorum
1182 1887 1317 1927 reddo.

43 1944 193 1986 Confer
208 1946 361 1985 Livium
375 1944 506 1990 XXV,
528 1956 588 1993 19,
603 1943 644 1982 δι
662 1943 757 1982 Plut.
772 1943 808 1980 in
824 1943 875 1980 V.
895 1942 1004 1989 1841.
1024 1940 1210 1992 Quorum
1232 1939 1317 1986 ille,

43 2013 206 2053 tanquam
215 2002 342 2038 eaedem
353 1999 511 2037 militares
522 1997 796 2047 &imperatoriae
808 2009 896 2034 artes
908 1995 1019 2047 effknt.
1032 1994 1188 2034 SOLAN.
1204 1994 1311 2033 Nolo

72 2054 199 2093 uidem
220 2053 382 2092 nimium
398 2052 485 2090 mihi
502 2050 698 2103 indulgere
715 2051 751 2088 in
768 2051 947 2089 mutanda
960 2047 1125 2088 lectione
1141 2059 1315 2099 recepta;

43 2067 106 2148 {led
122 2120 200 2147 non
215 2119 343 2146 tamen
359 2106 500 2146 accedo
515 2103 685 2150 Solano,
707 2103 792 2143 satis
807 2103 1054 2143 commodum
1069 2100 1212 2141 sensum
1229 2102 1316 2140 vul·

45 2174 157 2215 gatae
170 2160 457 2214 pronuntianti,
476 2171 590 2212 quem
606 2158 757 2210 quidem
775 2157 858 2196 satis
870 2169 1051 2210 apparere
1065 2155 1205 2202 fateor,
1220 2154 1314 2207 quid

43 2216 162 2260 velit,
180 2214 239 2254 sed
261 2227 340 2254 non
360 2213 587 2253 commodae
610 2223 735 2251 tamen
757 2210 809 2251 est
835 2211 1054 2250 structurae.
1083 2209 1184 2249 Cum
1207 2210 1313 2247 enim

44 2269 135 2309 ἀλλ’
150 2268 212 2320 ὀξὺ
226 2267 411 2319 &sopitos
425 2268 461 2305 in
475 2266 681 2319 participio
698 2277 877 2317 ponatur,
895 2266 935 2305 δι
950 2263 1095 2316 reliqua
1112 2262 1196 2315 post
1219 2263 1315 2301 alte-

44 2337 130 2363 rum
142 2324 247 2361 ἄλλα
260 2334 421 2375 quoque
433 2333 499 2374 per
512 2320 708 2373 participia
721 2320 982 2363 enuntientur,
994 2330 1072 2356 non
1083 2318 1208 2362 video,
1217 2329 1315 2381 quo·-

43 2390 132 2417 cum
155 2377 278 2416 verbo
299 2375 511 2415 infinitivus
530 2373 633 2426 ἔχειν
656 2384 742 2425 apte
758 2373 984 2420 cohaereat3
1005 2384 1089 2409 nam
1106 2381 1148 2409 ut
1164 2384 1316 2422 χρησα-

44 2437 141 2473 σθαι
155 2429 292 2484 pendet
308 2430 355 2469 ab
372 2426 460 2475 οἶος,
476 2430 526 2467 ita
539 2427 696 2467 absurda
713 2427 840 2466 oratio
858 2425 982 2471 foret,
998 2424 1026 2463 si
1040 2423 1218 2470 similiter,
1240 2419 1314 2463 οἶος·

44 2485 239 2537 ἐμπειρίαν
255 2482 518 2536 στρατηγικὴν
539 2482 648 2532 ἔχειν
668 2481 794 2520 dicas:
823 2480 916 2532 quid
935 2480 1037 2518 enim
1055 2477 1126 2524 est,
1150 2489 1252 2529 aptus
1269 2479 1315 2530 esi

49 2539 168 2581 habere
170 2539 329 2592 peritiam
341 2538 545 2593 militarem?
567 2535 640 2577 Sed
654 2534 681 2576 fi
695 2548 783 2576 cum
796 2533 973 2575 Marcilio
981 2531 1174 2586 ἐμπειρίας
1190 2544 1312 2585 στρατιά-1
