1768 3185
157 262 499 311 QUOMODO
520 261 831 310 HISTORIA
853 262 952 310 SIT
970 260 1229 308 CONSCR.
1268 279 1360 324 207

92 356 447 433 ἔπουριοίσοντος
427 378 488 406 τα
515 355 712 410 οὶκατια,
740 378 817 406 και
847 356 1131 410 συνδιοίσοντος
1161 350 1361 416 satyram,

92 458 170 487 και
190 439 257 487 ἔπ’
286 435 423 507 ἄκρων
441 459 519 487 των
540 436 745 504 nummu
771 458 838 502 την
859 458 968 486 ναυν.
993 437 1015 494 ἦ
1041 431 1155 496 λέξις
1176 426 1267 483 δε
1245 458 1359 502 ομως

92 514 164 567 ἔπι
186 537 267 580 ’γης
284 511 536 576 βεβηκέτω,
555 516 616 587 τῷ
633 509 709 585 ’μεν
729 515 892 566 κάλλει
911 537 987 566 και
1006 539 1066 585 τῳ
1046 511 1256 584 μεγέθει
1282 537 1361 566 των

91 593 333 664 λεγομενων
353 592 694 678 συνεπαιρομένη,
714 618 790 646 και
811 596 866 652 ὡς
889 617 937 646 ενι
958 594 1169 664 μείλια-τα
1200 597 1362 662 ὁμοιου-

91 673 213 745 μένη,
229 700 291 744 μη
268 670 516 739 ξενίζουσα
536 667 601 730 δε,
620 676 724 744 μηδ’
742 667 844 726 {meo
863 698 927 726 τον
942 697 1079 746 καιρον
1093 674 1357 726 {udone-mm·

91 756 261 814 κίνδυνος
276 779 368 823 γαρ
385 759 491 820 αὐτῇ
509 777 598 807 τοτε
616 778 825 825 poema-‘roc
837 778 1144 827 παρακινησαι,
1160 779 1237 806 και
1253 778 1361 807 κατ-

93 835 299 898 ενεχθῆναι
321 838 360 894 ἒς
381 832 446 887 τον
464 834 535 896 τῆς
557 835 768 897 ποιητικῆς
791 832 1058 908 κορύβαντα,
1087 833 1195 887 ὥστε
1215 837 1362 904 μαλι-

91 939 183 969 στα
202 912 389 969 πειστέον
414 917 648 977 τηνικαῦτα
667 917 729 988 τῷ
747 916 922 986 χαλινῷ
933 953 944 971 ,
966 913 1044 966 καὶ
1063 913 1361 991 σωῦρονητέον,

91 997 302 1054 εἱδοτας
276 1021 330 1054 ως
350 1002 602 1057 ιπποτυφία
622 1021 704 1053 τις,
732 1020 808 1047 και
829 999 864 1048 ὲν
889 995 1038 1060 λογοις
1063 996 1199 1054 παθος
1222 1021 1265 1047 ου
1287 1021 1361 1065 μι-

89 1102 180 1150 κρον
200 1085 412 1143 γίγνεται.
441 1077 605 1146 ἄμεινον
631 1100 694 1128 ουν
719 1079 790 1139 ἐφ’
817 1100 951 1128 ιππου
979 1073 1177 1146 ὁχουμενη
1201 1100 1290 1128 τοτε
1313 1101 1360 1130 τη

90 1181 265 1230 γνωμῃ,
290 1181 358 1218 την
378 1157 578 1229 ἑρμηνείαν
595 1159 706 1220 πεζῇ
731 1159 1024 1228 συμπαραθειν
1041 1195 1051 1211 ,
1075 1154 1269 1226 εχομένην
1291 1158 1362 1209 τοῧ

93 1241 326 1301 ἐφιππίου,
349 1238 404 1295 ὡς
425 1261 486 1306 μη
506 1242 785 1288 απολείποιτο
805 1260 875 1297 της
895 1239 1044 1308 φορᾶς.
1067 1235 1160 1288 Koa
1181 1261 1261 1307 μην
1283 1262 1359 1289 και
1384 1239 1447 1298 46

90 1316 262 1383 τυνθηκῃ
281 1341 360 1369 των
380 1317 588 1387 ὄνομα-των
604 1316 793 1389 εὐκοατῳ
812 1340 888 1367 και
909 1339 1018 1386 poso-n
1034 1340 1227 1388 χρηστεον
1240 1356 1250 1372 ,
1271 1341 1359 1370 oure

85 1399 213 1464 ἄγαν
236 1397 520 1460 αφισταντα,
541 1411 619 1449 καὶ
634 1396 914 1468 ἰιπαρτωντα,
932 1394 1100 1468 (τραχυ
1122 1391 1242 1467 yona)
1273 1396 1362 1450 οὔτε

89 1478 230 1553 ῥυθμῶ
244 1501 338 1530 παρ
375 1483 541 1542 ὀλίγον,
569 1479 623 1535 ὡς
646 1502 678 1528 οι
701 1482 886 1532 πολλοι,
915 1500 1199 1528 συναπτοντα.
1222 1486 1267 1528 το
1287 1500 1362 1546 μεν

88 1625 155 1678 qui
176 1623 344 1665 secundo
363 1624 458 1664 flatu
476 1623 564 1664 vela
585 1623 759 1678 impleat,
777 1622 993 1676 celsamque
1009 1636 1077 1677 per
1096 1622 1266 1662 summos
1286 1622 1362 1662 ssu-

88 1687 173 1728 &us
193 1688 325 1727 navim
347 1686 522 1741 perferat.
539 1686 675 1727 Diffio
696 1698 825 1726 tamen
843 1686 951 1725 humi
970 1687 1140 1733 incedat,
1155 1699 1253 1740 quae
1269 1700 1362 1727 curn

88 1749 371 1804 pulchritudine
382 1749 631 1788 dicendorum
644 1748 686 1788 δι
698 1749 958 1801 magnitudine
974 1748 1185 1797 attollatur,
1195 1748 1362 1802 &quan-

88 1824 172 1852 tum
192 1813 276 1853 eius
295 1812 404 1858 licet,
429 1817 691 1865 exaequetur,
714 1812 865 1850 interim
889 1812 927 1850 in
949 1811 1255 1865 peregrinitatem
1281 1826 1363 1853 non

88 1887 216 1922 exeat,
227 1887 352 1927 neque
368 1874 469 1914 ultra
487 1887 605 1928 quam
620 1885 889 1928 opportunum
905 1874 960 1914 est
972 1905 982 1922 ‚
998 1873 1170 1914 fanatico
1190 1875 1362 1927 quodam

87 1936 219 1991 spiritu
243 1936 437 1977 efferatur.
465 1937 570 1978 Tum
597 1939 699 1977 enim
730 1938 942 1977 maximum
973 1937 1184 1991 periculum
1210 1937 1290 1984 est,
1312 1951 1362 1978 ne

87 2012 199 2040 extra
221 2012 405 2040 numeros
426 2014 655 2047 moveatur,
678 2001 718 2040 &
742 2002 781 2040 in
803 2002 999 2055 poeticum
1015 1999 1188 2040 furorem
1210 2001 1363 2044 incidat.

87 2062 224 2116 Itaque
247 2073 330 2101 tum
354 2062 524 2115 inprimis
548 2063 806 2102 exaudiendae
826 2062 912 2103 sunt
935 2063 1128 2110 habenae,
1153 2063 1194 2103 &
1217 2062 1361 2104 sobrie-

88 2128 157 2166 tati
173 2126 396 2166 studendum
408 2158 419 2175 ‚
433 2127 663 2179 cogitantes,
680 2126 753 2167 effe
774 2141 817 2168 ut
837 2141 1029 2181 equorum
1046 2158 1058 2174 ,
1071 2129 1123 2167 ita
1145 2128 1258 2167 etiam
1276 2141 1362 2168 ora-

89 2190 205 2229 tionis
231 2189 412 2228 morbum
439 2201 517 2228 non
545 2202 712 2242 parvum
739 2191 895 2229 nimiam
928 2189 1126 2229 ferociam.
1154 2189 1361 2244 Optimum

90 2251 206 2305 igitur
226 2262 307 2291 tum
323 2250 458 2298 fuerit,
478 2251 535 2291 uti
556 2264 724 2291 mentem
746 2252 853 2292 velut
872 2265 979 2306 equo
1001 2251 1155 2292 vestam
1168 2283 1178 2299 ‚
1201 2252 1362 2305 pedestri

90 2313 204 2354 cursu
225 2314 430 2353 comitetur
451 2313 645 2363 elocutio,
670 2313 856 2367 prehenso
873 2314 1057 2367 ephippio
1071 2345 1082 2362 ,
1102 2326 1150 2352 ne
1168 2313 1216 2352 ab
1236 2315 1359 2367 impe-

89 2388 133 2416 tu
153 2376 227 2429 equi
249 2374 481 2415 destituatur.
506 2376 659 2415 Verum
689 2374 973 2429 compofitione
1001 2376 1115 2414 etiam
1144 2374 1360 2415 verborum

89 2447 299 2490 temperata
317 2435 357 2475 δι
373 2436 496 2475 media
508 2437 693 2476 utendum
708 2467 721 2482 ,
733 2448 775 2475 ut
789 2448 834 2475 ea
855 2448 981 2489 neque
995 2436 1104 2474 nimis
1126 2435 1304 2476 distrahas
1320 2437 1363 2478 δι

90 2498 310 2545 dimoveas,
338 2496 512 2551 asperum
538 2497 667 2546 enim,
689 2509 816 2550 neque
836 2496 1025 2548 rhythmo
1054 2510 1197 2550 paene,
1219 2509 1260 2538 ut
1284 2498 1363 2552 ple-

90 2560 223 2614 rique,
243 2561 474 2602 concludas:
497 2573 668 2615 quorum
695 2560 773 2601 hoc
796 2561 951 2614 quidem
973 2559 1157 2601 vitiosum
1180 2559 1252 2610 est,
1271 2560 1363 2602 illud
