1768 3185
217 155 292 203 JN
312 156 558 204 ΖΕυΧιΝ
579 157 708 205 VEL
725 156 1134 204 ANTIOCHUM.
1235 177 1329 224 447

0 271 2 280 ·
50 242 330 287 conferendum
345 245 529 286 Nostrum
546 260 583 300 p.
609 259 686 300 254
701 247 758 286 ed.
775 248 866 286 lunt.
890 246 930 286 &
946 245 1065 286 Tom.
1088 246 1208 287 altero
1219 279 1230 293 ,
1244 263 1332 300 pag.

55 313 130 350 172
141 330 153 347 ,
170 301 206 340 id
218 299 294 347 est,
309 301 349 339 in
365 299 514 353 Catapl.
530 313 563 340 c.
581 314 642 352 51,
658 302 725 340 ubi
740 315 942 353 περιεπαριι
959 314 1017 339 τις
1029 302 1142 350 μάλα
1159 316 1329 354 καρτερος

50 353 202 406 legitur.
216 353 328 394 Alter
341 354 450 394 locus
464 353 518 393 est
531 355 570 393 'tn
585 354 702 394 Gallo
717 368 748 394 c.
769 369 790 393 2
801 385 814 400 ‚
829 355 1142 406 περιπεπαρμένα
1155 355 1232 393 τοῖς
1246 358 1331 408 3322-

48 408 147 448 λοῖς.
161 407 272 447 Adde
283 407 323 448 δι
338 420 431 446 mox
450 407 526 448 hoc
548 409 672 458 capite
682 440 693 456 ‚
707 407 785 447 τοῖς
800 407 926 447 ὀδοῦσι
949 408 1229 460 περιπείροντες.
1245 410 1330 448 Un-

51 461 100 501 de
114 461 268 515 quidem
285 460 376 501 usus
396 461 508 501 huius
523 462 633 502 verbi
657 475 702 502 ac
722 463 782 501 vis
800 463 1002 514 probatur,
1021 463 1177 501 minime
1201 475 1329 502 tamen

51 515 139 556 inde
155 514 379 561 conficitur,
395 514 682 567 περιπειρόμενοι
698 516 736 554 in
757 517 1054 568 περιπειραμενοι
1077 518 1301 556 mutandum
1319 530 1328 556 ε

51 570 144 622 quin
167 568 353 623 paffivum
375 569 435 609 hic
451 568 701 622 praeferrem3
722 582 808 608 nam
822 568 849 608 st
872 570 1036 608 medium
1059 569 1237 609 adhibere
1257 584 1331 610 vo-

49 622 199 672 luisset,
219 624 348 676 quidni
371 622 517 662 dixiffet
542 624 840 675 περιπειρίιμενοι
857 621 1056 665 ἀλλήλους.
1077 623 1188 663 Plura
1213 625 1260 664 ad
1281 625 1332 664 st-

80 675 344 716 nificationem
361 676 473 716 huius
485 677 596 716 verbi
610 677 848 730 probandam
864 677 1018 716 adduxit
1031 676 1109 717 Iac.
1127 677 1270 719 Elsner.
1287 681 1334 719 ad

50 690 158 792 {Ep
170 731 217 770 ad
227 730 403 771 Timoth.
413 729 487 779 VI,
504 744 564 779 10,
575 731 644 771 Καὶ
659 729 813 770 ἑαυτοὺς
826 732 1061 783 περιέπειραν
1075 731 1221 772 ὀδύναις
1234 745 1330 772 πολ-

51 796 153 824 λαις.
167 785 247 825 Ubi
261 785 302 824 δι
322 785 416 824 haec
442 784 620 829 Luciani,
637 785 677 824 &
693 785 892 825 Heliodor.
916 785 958 824 L.
980 784 1054 833 lX,
1076 798 1159 838 pag.
1173 786 1249 839 438
1262 817 1274 835 ,
1288 787 1330 827 &

51 837 152 879 Plut.
169 838 336 880 Gracch.
355 852 392 889 p.
407 837 484 887 842
505 837 664 892 profert.
680 838 830 878 Rmz.

107 894 181 932 ead.
195 894 219 932 l.
231 908 269 942 4.
281 894 339 931 Τὲι
356 890 517 944 ἅρματα
536 891 580 932 ἑὲ
600 891 931 945 ἀναστρέψαντα)
950 891 1127 945 Uterque
1145 892 1333 946 interpres

52 944 237 987 hocloco
249 945 413 986 somniat
426 944 630 986 subversos
643 959 800 994 currus,
825 956 934 985 tanto
954 946 1138 999 ineptius,
1156 949 1260 999 quod
1275 960 1333 987 ta-

52 1013 143 1040 men
156 999 310 1040 eosdem
331 1013 424 1040 mox
440 999 530 1040 ferri
545 1000 673 1040 denuo
692 1001 730 1039 in
753 999 842 1040 suos
864 1000 1011 1047 dicant3
1028 1013 1128 1052 quae
1146 1003 1334 1053 quemad-

52 1055 212 1094 modum
231 1053 316 1095 fieri
338 1052 515 1108 poffunt?
531 1053 732 1094 Praeterea
755 1054 888 1100 didici,
903 1067 993 1094 cum
1015 1054 1061 1093 de
1081 1053 1330 1096 subversione

52 1107 226 1162 loquitur
249 1109 463 1154 Lucianus,
487 1120 567 1148 non
591 1108 831 1160 ἀναστρέφειν
852 1107 925 1148 illic
941 1108 1067 1148 locum
1085 1108 1248 1156 habere,
1270 1110 1331 1150 sed

51 1161 288 1215 ἀνατρέπειν.
308 1162 370 1203 Sic
390 1162 431 1201 in
455 1161 609 1202 historia
631 1161 815 1203 conscrib.
833 1161 1046 1213 ἀνατρέψαι
1063 1163 1170 1212 μόνον
1192 1166 1244 1202 τα
1258 1164 1332 1204 τῶν

52 1215 196 1263 ἄλλων,
211 1216 304 1256 &in
323 1215 568 1258 Demonafle
581 1217 862 1268 ἀνατραπέντος
873 1214 940 1254 τοῦ
961 1216 1147 1266 σκάφους,
1161 1218 1229 1256 ubi
1243 1232 1331 1258 ver-

53 1269 147 1310 titur
153 1270 331 1323 submerfiz
346 1287 434 1310 nave
443 1300 456 1317 ‚
471 1269 598 1310 forsan
611 1281 762 1325 praeter
775 1269 946 1310 auetoris
961 1271 1002 1311 δε
1016 1283 1182 1310 mentem
1195 1273 1235 1312 &
1249 1286 1331 1311 ma·

52 1335 160 1372 num,
176 1337 277 1377 quae
289 1335 437 1365 tantum
450 1324 535 1364 vult
547 1337 611 1364 aut
624 1324 764 1373 voluit,
772 1324 948 1377 subversa.
962 1324 1010 1364 Et
1021 1323 1192 1364 nostrum
1206 1325 1330 1378 ipsum

52 1377 93 1417 in
114 1378 381 1432 Aristophanis
398 1378 493 1418 Pace
506 1409 518 1425 ‚
540 1376 702 1432 ἅρματα
717 1378 755 1418 δ’
767 1379 828 1418 ἐπ’
846 1376 1065 1418 ἀλλήλοισιν
1088 1378 1330 1431 ἀνατετραμ·

48 1433 159 1484 μένα.
171 1432 349 1474 At'nunc
361 1432 622 1486 intelliguntur
634 1433 786 1473 retroabli
807 1432 870 1472 vel
885 1433 1020 1484 rwefi,
1035 1442 1080 1471 ut
1099 1432 1138 1472 in
1159 1432 1302 1486 Scytha
1317 1465 1330 1481 ‚

52 1481 119 1525 οὖιι
133 1485 178 1525 ἐὶν
190 1484 277 1527 οὗὸὲ
293 1487 522 1539 ἀνέστρεψεν
541 1483 646 1538 οἶμαι
666 1488 702 1526 ἐς
723 1486 868 1527 Σκύθας
882 1485 1129 1533 Anacharfis‚
1148 1487 1177 1526 εἰ
1191 1488 1244 1538 μὴ
1263 1489 1329 1528 Σο-

53 1548 128 1581 λων
148 1542 322 1581 ἀπέθανε.
342 1540 544 1593 Indignum
566 1539 742 1594 profecto
763 1550 840 1580 tam
857 1540 1024 1593 exigua,
1044 1551 1138 1579 nota
1153 1540 1195 1580 δι
1210 1542 1331 1582 obvia

53 1594 233 1647 ignorari.
250 1593 360 1648 Quin
373 1596 486 1635 etiam
500 1594 689 1635 distinetio
704 1595 883 1646 ponenda
895 1595 947 1634 est
961 1593 1046 1648 post
1059 1594 1224 1635 verbum
1240 1597 1330 1636 ανα-

55 1648 288 1701 στρέψαντα
298 1678 309 1698 ,
323 1649 382 1689 sed
397 1649 473 1690 hoc
489 1649 622 1698 modo,
635 1650 691 1688 τα
703 1646 860 1701 ἅρματα
872 1647 932 1697 st,
945 1648 1249 1700 ἀναστρέψαντα
1264 1651 1330 1692 καὶ

53 1700 187 1742 ταῦτα
205 1702 258 1742 εἰς
269 1701 355 1743 τοὺς
374 1702 541 1752 οἰκείους,
552 1700 617 1743 οὔκ.
636 1703 826 1753 ἀναιμωτὶ
839 1702 1046 1755 ἓιεφέρετο.
1059 1702 1161 1742 Mox
1174 1704 1273 1744 male
1287 1705 1328 1744 in

52 1755 298 1797 Salmurienfi
317 1757 462 1797 editum
485 1756 552 1797 τνῖς
567 1760 609 1796 το
627 1754 706 1797 edei,
721 1755 808 1796 aso&
820 1787 832 1806 ,
853 1758 960 1810 quod
976 1758 1016 1795 in
1041 1756 1111 1796 hac
1133 1757 1190 1796 ed.
1210 1759 1330 1812 repeti

53 1810 171 1851 video
181 1840 193 1859 ,
208 1823 299 1851 cum
314 1811 417 1851 reete
430 1810 661 1851 Bafileenses
672 1810 737 1851 τῆς
750 1811 786 1850 ἐς
800 1813 843 1849 το
859 1806 938 1850 εὐθὺ
953 1809 1050 1849 ὁδοῦ.
1067 1809 1215 1851 GRoN.

108 1868 180 1905 ead.
194 1867 218 1904 Ι.
233 1863 269 1904 8.
284 1867 405 1916 Δίφροι
417 1864 456 1904 δ’
469 1864 773 1916 ἀνεκυμβιλίαζον
785 1864 801 1918 )
815 1864 873 1904 Ex
898 1865 1060 1904 Homeri
1084 1864 1190 1904 Iliad.
1212 1870 1248 1903 Π
1260 1896 1271 1913 ,
1287 1879 1330 1907 v.

58 1917 148 1972 389.
170 1920 270 1959 Mox
286 1918 369 1958 κεῖν’
380 1919 488 1971 ’όχεα
507 1919 731 1970 κροτάλιζον,
745 1931 794 1958 ex
807 1917 976 1958 eiusdem
997 1921 1138 1971 poetae
1155 1919 1260 1960 Iliad.
1275 1928 1331 1967 A,

62 1972 155 2022 160,
171 1973 290 2027 petita
303 1971 400 2012 sunt.
414 1972 590 2013 GRAEV.
605 1974 767 2012 Homer.
782 1972 822 2012 ΙΙ.
838 1977 874 2010 Π
885 2004 896 2021 ,
915 1985 1001 2025 379.
1021 1972 1178 2012 SOLAN.

108 2030 184 2067 ead.
195 2027 220 2067 l.
236 2041 250 2066 1
263 2040 294 2065 1.
308 2027 602 2080 Ἀποβαλόντες)
618 2026 691 2067 Etst
703 2027 810 2080 parvi
823 2026 875 2066 est
888 2057 901 2073 ,
918 2027 1157 2066 monendum
1173 2038 1301 2067 tamen
1314 2058 1329 2077 ,

56 2093 119 2120 me
131 2081 218 2121 ideo
233 2080 505 2129 ἀποβαλόντες,
518 2094 566 2121 ex
579 2082 635 2120 Fl.
654 2081 693 2121 δι
708 2081 753 2119 B.
769 2096 804 2120 2.
818 2079 1031 2134 praetuliffe
1044 2112 1055 2127 ‚
1073 2082 1162 2134 quia
1175 2094 1224 2121 ex
1248 2080 1328 2135 ipsa

56 2148 179 2188 prava
192 2134 378 2189 scriptura
397 2135 632 2188 reliquarum
653 2133 835 2187 suspicor,
855 2148 918 2174 eas
942 2134 1124 2174 aoristum
1145 2135 1234 2175 dare
1254 2149 1328 2175 vo·

55 2188 187 2238 luiffe3
204 2201 340 2230 omnes
354 2190 456 2228 enim
469 2189 754 2234 αποβαλλὸντες
768 2189 914 2242 legunt,
929 2200 1091 2230 accentu
1113 2189 1149 2228 in
1164 2189 1329 2242 penulti-

57 2256 123 2284 ma
135 2243 355 2290 collocato,
376 2244 442 2283 etst
457 2243 597 2296 duplex
620 2255 670 2282 λλ
692 2243 844 2282 habent.
862 2243 909 2282 Et
923 2244 1060 2282 mirum
1086 2242 1164 2289 est,
1186 2254 1230 2282 ut
1252 2243 1328 2284 sae-

54 2310 107 2350 pe
120 2299 258 2338 vitium
273 2298 386 2337 unius
397 2309 474 2337 tam
491 2309 667 2350 apertum
682 2328 693 2346 ,
709 2297 749 2336 &
762 2296 873 2337 facile
887 2297 1171 2350 corrigendum,
1186 2311 1328 2351 propa·

58 2362 173 2404 getur
186 2365 254 2406 per
273 2352 449 2405 reliquas.
464 2351 554 2391 Sola
570 2352 614 2390 P.
637 2351 932 2396 ἀποβάλλοντες.
949 2351 1025 2391 Cui
1045 2350 1071 2390 st
1089 2351 1214 2404 plures
1228 2362 1327 2392 vett.

59 2405 346 2455 consensissent,
363 2418 440 2446 non
455 2404 654 2445 mutassem
668 2406 840 2459 quidem3
857 2404 916 2444 sed
930 2418 1012 2444 a0t.
1028 2404 1089 2445 hic
1100 2415 1229 2445 tamen
1246 2418 1327 2445 ma-

58 2459 118 2514 gis
139 2460 283 2514 placet,
309 2459 376 2501 ets:
400 2472 493 2500 mox
513 2461 706 2508 τέμνοντες
730 2458 919 2513 sequitur,
936 2459 977 2500 δι
1001 2458 1193 2514 sequentia
1213 2460 1328 2500 etiam
