1768 3185
195 156 299 202 IN
363 153 1126 204 HARMONIDEM.
1222 179 1315 226 449

27 244 241 300 Historiam
256 259 304 285 ex
314 244 488 285 Boethio
503 244 544 284 δι
559 245 758 285 decretum
774 243 896 297 ipsum
916 246 1154 287 emendatius
1165 250 1319 300 exhibe-t

28 300 198 350 Casaub.
215 300 262 340 ad
275 300 418 339 Athen.
439 300 593 353 pag-,6¹
607 315 638 352 3.
653 300 724 340 Sed
738 301 899 351 Milefius
913 301 992 347 ille,
1016 303 1072 339 uti
1093 314 1141 340 ex
1162 304 1318 345 decreto

27 354 201 404 constat3
214 353 341 394 noster
352 364 479 392 autem
493 354 660 399 Boeotus,
679 365 724 392 ut
750 366 843 393 mox
858 355 1011 407 patebit.
1025 354 1151 406 Quod
1166 358 1317 408 riteob-

30 409 228 450 servatum
249 407 374 447 lucem
392 407 485 447 loco
502 421 596 447 mox
615 406 785 459 sequenti
810 421 832 447 a
855 409 948 448 viris
972 410 1091 450 <noetis
1114 409 1319 453 sollicitato

31 462 261 512 foenerabit.
277 460 341 500 De
365 461 496 500 nostro
519 462 593 500 vid.
608 461 765 500 Ἀπαιιὸ.
787 475 869 514 cap.
889 461 998 515 5.De
1021 463 1174 504 Milesio
1192 465 1319 519 Leop.

37 518 126 564 ³60-
140 516 218 556 Hic
231 514 285 555 est
298 534 309 564 ‚-
324 516 389 568 qui
404 515 618 568 Phrygium
635 527 776 555 canens
795 515 1061 556 Alexandrum
1078 518 1115 556 in
1130 521 1320 560 convivio

34 570 84 614 ad
93 583 204 618 arma
215 569 343 610 subito
357 570 568 609 excitatum
582 582 676 608 mox
688 568 840 609 remiffo
851 581 965 610 cantu
981 585 1001 610 a
1015 570 1147 611 furore
1160 573 1205 612 ad
1217 575 1319 626 quie-

0 637 1 641 *
34 636 116 676 tem
127 624 342 665 revocavit.
353 622 563 664 Historiam
575 634 705 665 narrat
716 622 876 664 Basilius
886 625 932 664 de
944 625 1016 678 leg.
1031 625 1101 666 Gr.
1113 626 1175 666 lib.
1187 627 1321 681 (Grot.

35 678 99 729 ed.
116 677 200 732 99.)
215 678 375 718 SotAN.
448 722 452 727 ,
839 689 850 709 ‘-

43 771 50 775 ,
71 737 75 743 ’
93 733 206 772 ead.l.
225 746 238 770 1
251 746 283 772 1.
296 731 365 773 Τῆς
376 730 558 785 Φρυγίου)
575 730 806 779 Modorum‚
825 730 888 771 seu
907 745 1133 780 nemorum,
1145 735 1243 775 ratio
1254 737 1324 776 cir-

32 785 315 837 cumscribitur.
336 785 512 838 Phrygio
535 786 668 824 tribuit
692 788 734 824 τὸ
758 784 883 833 ἔνθεον,
903 786 1181 828 Bacchanalem
1209 790 1322 830 licen-

35 841 129 883 tiam
139 869 151 888 ,
171 839 326 880 Dorico
342 838 585 879 severitatem
595 868 607 887 ,
621 839 761 879 lonico
774 840 1048 880 iucunditatem
1060 871 1071 888 ‚
1086 842 1204 895 Apul.
1217 844 1282 883 lib.
1301 859 1317 883 1

38 894 296 936 Florid.P1ut.
315 894 356 934 &
374 894 516 934 Boeth.
534 894 573 932 in
591 892 750 933 Musica.
770 892 920 933 COGN.
942 894 1038 934 Sunt
1057 896 1324 937 Harmonidae

71 960 218 996 uatuor
231 947 354 988 solum
370 947 535 988 muslcae
551 948 656 986 modi
671 947 918 1001 principales,
933 948 1140 1002 Phrygius,
1161 952 1325 1003 Lydius,

87 1003 196 1043 orius
210 1003 252 1042 &
272 1002 448 1042 Ionicus:
472 1015 561 1042 cum
587 1012 740 1048 tamen,
755 1002 823 1054 qui
845 1003 891 1042 de
915 1002 1056 1042 mufica
1077 1003 1323 1057 scripserunt,

41 1057 220 1112 quinque
231 1055 488 1103 constituant,
503 1056 682 1096 addentes
701 1055 759 1095 his
772 1068 940 1109 quatuor
955 1059 1135 1106 Aeolium,
1152 1070 1194 1099 ut
1214 1060 1324 1100 Plato

46 1127 71 1164 3·
85 1111 130 1152 de
144 1111 244 1165 Rep'.
257 1111 398 1150 Athen.
413 1110 474 1149 lib.
500 1124 566 1158 14,
580 1108 795 1150 Castiodor.
815 1110 929 1163 Epist.
949 1124 1023 1159 40,
1043 1111 1106 1150 lib.
1125 1128 1167 1160 2,
1183 1114 1223 1153 &
1238 1115 1324 1156 libr.

41 1168 91 1207 de
105 1165 244 1205 Mufic.
257 1164 337 1204 Nisi
349 1163 418 1204 sub
433 1163 565 1204 Dorio
579 1164 765 1204 Aeolium
787 1165 990 1204 involvat:
1013 1166 1105 1206 haec
1126 1169 1228 1207 enim
1246 1169 1326 1209 duo

42 1219 156 1274 saepe
168 1218 480 1265 confunduntur,
500 1230 543 1258 ut
567 1219 606 1257 in
625 1218 811 1267 Pindaro,
832 1220 1000 1271 quicum
1016 1219 1167 1260 Dorice
1183 1222 1322 1262 scribe·

44 1284 128 1325 ret,
140 1274 302 1315 vocavit
313 1271 458 1312 musam
472 1271 577 1312 suam
595 1271 750 1312 Αἰολῐὸιι
763 1271 925 1323 μολπήν.
943 1272 1117 1327 Affignat
1129 1288 1256 1316 autem
1272 1277 1325 1326 τῷ·

47 1329 197 1381 Φρυγίῳ
210 1331 254 1366 τὸ
270 1325 392 1367 ἔνθεον·
413 1327 480 1366 ubi
496 1327 593 1366 male
606 1326 791 1380 interpres
810 1326 957 1380 Obsop.
979 1330 1184 1369 attonitum:
1201 1332 1328 1371 voluit

48 1384 153 1423 enim
167 1381 427 1422 Harmonides
442 1380 645 1433 religiosum,
658 1392 701 1420 ut
717 1391 819 1433 patet
832 1382 926 1421 locis
938 1383 1038 1422 citat.
1053 1382 1094 1422 ὅ(
1107 1386 1205 1436 apud
1219 1387 1329 1438 Apu-

39 1437 170 1478 leium
183 1436 266 1476 libr.
288 1450 301 1475 t
321 1435 462 1476 Florid.
477 1435 548 1475 Sed
564 1436 609 1475 de
622 1445 807 1475 tonorum
822 1435 981 1476 istorum
997 1436 1178 1489 qualitate
1192 1452 1327 1480 omnes

48 1490 109 1533 isti
123 1490 203 1531 fere
217 1492 316 1530 inter
330 1490 367 1530 se
386 1488 624 1529 diffentiunt:
641 1489 776 1529 tribuit
792 1489 905 1530 Ionio
923 1493 968 1528 τὸ
980 1492 1193 1543 γλαφυρόν.
1208 1493 1328 1533 Inter-

53 1559 141 1599 pres
146 1545 376 1598 suavitatem.-
402 1544 632 1583 vertendum
654 1554 735 1582 erat
757 1544 916 1591 varium,
936 1556 978 1583 ut
999 1546 1099 1597 apud
1121 1547 1328 1598 Apuleium

53 1601 131 1640 loc.
148 1600 213 1640 cit.
225 1599 286 1639 Sic
301 1598 409 1652 saepe
424 1601 525 1650 apud
538 1599 699 1637 Homer.
714 1600 930 1651 γλαφυρὸν,
946 1612 1017 1649 pro
1033 1612 1096 1646 eo,
1110 1602 1216 1652 quod
1233 1602 1330 1640 mul-

54 1665 118 1695 tos
136 1652 300 1694 recessus
322 1652 536 1704 multal'qtie
558 1651 719 1691 latebras
739 1652 863 1692 habet.
887 1652 1062 1692 Bonan.
1084 1652 1168 1706 Qui
1183 1655 1329 1708 plenio-

55 1721 138 1750 rem
159 1709 204 1748 de
225 1708 351 1747 modis
374 1705 530 1747 mufieis
550 1706 670 1745 ideam
695 1705 902 1753 desiderat,
917 1707 1026 1747 adeat
1047 1707 1182 1748 Claud.
1205 1709 1331 1749 Ptole·
1386 1724 1389 1725 ⁷

57 1763 158 1812 maei
171 1761 499 1802 Harmonicorum
513 1760 651 1808 libros,
666 1773 836 1813 quorum
852 1759 989 1800 bellam
1002 1762 1112 1800 nobis
1123 1762 1331 1802 editionem

57 1817 214 1870 reliquit
235 1813 446 1855 10.Wa11is
463 1814 596 1855 Oxon.
615 1826 637 1853 e
650 1814 804 1854 theatro
827 1814 1110 1855 Scheldoniano
1132 1821 1191 1855 an.
1217 1817 1330 1856 1682.

56 1871 197 1925 Ibique
220 1870 259 1909 in
287 1869 510 1922 Appendice
530 1879 709 1908 veterum
735 1868 1011 1908 Harmonicam
1032 1869 1078 1908 ad
1103 1869 1331 1910 hodiernam

57 1935 335 1978 comparatam.
352 1923 499 1963 thrz.

116 1980 209 2032 Pag.
227 1992 240 2017 ι
251 1977 311 2032 38.
324 1979 347 2017 l.
361 1977 397 2017 8.
408 1973 572 2017 Νικήσας
586 1998 630 2006 -
643 1975 830 2027 ὃμωνυμὸν
843 1976 921 2030 σοι)
938 1977 1210 2025 Harmonides‚
1224 1979 1334 2019 cuius

62 2035 222 2074 nomine
235 2033 338 2072 hunc
353 2031 526 2071 libellum
542 2029 734 2083 insignivit
746 2030 936 2070 Lucianus
949 2061 958 2076 ,
977 2033 1070 2083 petit
1086 2045 1109 2070 a
1121 2033 1335 2073 Timotheo

66 2087 247 2140 magistro
268 2085 358 2133 suo,
378 2086 446 2138 qui
467 2083 503 2123 se
524 2084 634 2124 tibias
653 2084 784 2124 inflare
804 2085 1011 2130 docuerat,
1037 2095 1079 2125 ut
1100 2085 1136 2125 se
1155 2101 1337 2139 quoque,

64 2141 391 2196 quemadmodum
409 2140 570 2192 gloriam
588 2138 652 2178 fibi
668 2151 891 2192 comparet,
909 2141 1070 2186 doceat,
1091 2153 1172 2193 quo
1194 2142 1235 2181 &
1259 2141 1336 2193 ipse

65 2196 186 2249 digito
200 2193 437 2235 monstretur
449 2194 794 2246 praetereuntium:
813 2189 953 2245 ὥσπερ,
965 2195 1102 2246 inquit,
1117 2195 1182 2233 ὅτε
1199 2197 1264 2234 καὶ
1276 2196 1337 2241 σὺ,

68 2245 99 2291 ὅ
110 2249 259 2299 Τιμὸθεε
271 2279 282 2295 ,
298 2247 493 2300 τοπρῶτον
514 2246 617 2286 ἑλθὼν
637 2248 768 2287 οἴκοθεν
781 2247 821 2286 ἐκ
837 2248 1025 2293 Βοιωτίας
1045 2247 1269 2289 ὑπηύλησας
1286 2249 1336 2288 τῆ

72 2301 306 2349 Πανὸιονίέι,
321 2302 386 2341 καὶ
403 2297 556 2342 νικήσεις
571 2303 605 2340 ἑν
617 2301 670 2351 τῷ
688 2303 814 2342 Αἴαντι
827 2301 877 2352 τῷ
891 2302 1063 2352 ἐμμανεῖ,
1078 2300 1143 2341 τοῦ
1156 2303 1340 2354 Ξμώνυμόν

70 2373 131 2400 σοι
144 2353 367 2399 ποιήσαντος
381 2358 426 2394 τὴ
439 2358 567 2405 μέλος,
582 2350 702 2394 osssslf
715 2349 763 2401 viv,
777 2354 813 2393 ὃς
829 2352 957 2408 ἠγνόει
976 2357 1137 2406 τοῦνομα
1148 2389 1160 2404 ,
1175 2358 1341 2407 Τιμόθεον

71 2413 115 2452 ἐκ.
130 2411 270 2457 Θηβῶν.
285 2410 324 2450 Si
340 2410 436 2450 haec
449 2420 593 2449 attente
605 2408 862 2462 inspiciantur,
886 2421 987 2462 patet
998 2441 1008 2458 ‚
1025 2410 1092 2449 nisi
1107 2410 1236 2460 fallor,
1259 2411 1342 2452 scri-

71 2462 435 2508 bendumhmmm.
452 2466 551 2502 Sicut
569 2479 644 2503 cum
665 2465 763 2503 etiam
777 2475 814 2502 tu
826 2492 840 2509 ,
861 2465 1031 2503 Timotlzee
1042 2495 1053 2512 ‚
1090 2466 1207 2505 fimum
1221 2482 1263 2505 ex
1276 2481 1342 2519 pa·

182 2520 326 2560 Lucian.
358 2519 437 2560 Vol.
465 2517 534 2557 IV.
1086 2519 1106 2558 f
