1841 3180
467 142 562 188 402
659 120 1552 170 ANNOTATIONES

521 217 595 254 ead.
610 215 633 253 l.
647 228 682 267 9.
696 211 1050 264 ΚᾴκεῖνοςἝρμαιον
1077 209 1286 251 ποιήσεταί
1304 211 1374 265 σε)
1393 211 1577 266 Imperite
1595 211 1634 252 in
1647 211 1753 254 Bas-²

470 268 586 310 leenfi
605 268 646 309 δι
663 267 966 308 Bourdelotiana
980 265 1145 304 vertitur
1157 276 1256 317 atque
1269 265 1324 303 ille
1341 277 1371 304 te
1385 278 1508 305 certum
1516 266 1645 318 fizciet,
1665 278 1751 308 tan-

468 336 512 364 to
527 333 691 375 utraque
705 322 886 374 ineptior,
898 319 1006 372 quod
1018 317 1203 358 secundae
1217 319 1328 358 vocis
1339 320 1506 371 primam
1516 318 1662 361 literam
1675 334 1752 361 ma-

467 378 551 417 iore
566 375 783 416 charaeteoe
793 373 968 413 efferant.
982 372 1117 425 ltaque
1131 371 1322 424 adscripfit
1334 385 1457 425 pater,
1471 386 1569 428 atque
1580 375 1636 414 ille
1648 376 1753 415 lucri-

462 431 572 485 fizciet
584 443 625 469 te.
644 429 716 469 Sed
733 431 773 469 δι
790 428 958 467 correxit
969 426 1210 466 BenediRus.
1225 426 1369 466 GRON.

525 485 605 523 ibid.
613 477 801 534 Ἓρμιιιον)
817 482 904 521 Vid.
922 479 1023 534 supr.
1037 480 1169 520 Somn.
1182 492 1266 534 cap.
1279 494 1317 534 9,
1333 480 1476 521 καὶτοῦ
1489 481 1689 535 κρείττονος
1703 479 1754 536 ἕρ·

468 553 582 590 μαιον
595 536 652 576 ὢν.
666 535 825 576 SOLAN.

527 593 601 631 ead.
612 591 635 629 l.
651 604 667 629 1
679 605 710 630 1.
725 588 908 642 Φοίνικος)
919 588 1022 628 Hinc
1036 587 1210 640 adagium
1222 617 1235 633 ,
1252 587 1420 628 Phoenice
1432 590 1599 630 vivacior.
1610 591 1754 632 BROD.

526 646 614 697 Pag.
630 658 693 693 71.
716 645 740 682 l.
769 658 803 683 2.
819 643 970 690 Δεήσῃ)
987 643 1143 681 Mallem
1164 639 1301 683 ὃεῆσει.
1315 642 1473 682 SOLAN.
1485 643 1752 686 Emendationi

469 699 599 740 Solani
612 697 869 750 suffragantur
885 696 973 735 Mffi
986 696 1110 749 Regg.
1128 709 1230 749 2954
1245 695 1286 735 δι
1302 709 1372 750 301
1387 710 1418 735 1.

527 755 602 792 ead.
615 753 637 791 l.
651 767 684 805 3.
699 751 943 803 Προσάξεταί
954 749 1029 803 με)
1051 750 1112 790 Sic
1125 750 1265 789 habere
1276 750 1308 789 Ι.
1329 751 1367 790 &
1383 750 1440 790 Fl.
1456 761 1664 792 notaverat
1678 751 1757 794 5οέ

472 808 592 847 lanus.
613 806 723 859 Quid
741 817 822 846 tum
836 808 850 846 ἓ
868 804 1025 844 Habent
1039 805 1079 843 &
1093 803 1143 844 fic
1156 804 1325 856 reliquae
1335 834 1347 853 ‚
1360 815 1404 844 ut
1418 806 1502 845 Par.
1515 807 1612 858 Hag.
1626 806 1757 859 plures

472 862 574 902 enim
591 862 667 900 iam
683 860 883 901 consulere
897 858 1014 910 nolo,
1035 858 1126 912 quia
1141 871 1221 898 non
1241 859 1398 907 dubito,
1412 859 1504 912 quin
1521 861 1668 900 reeium
1682 860 1728 901 sit
1739 875 1758 911 ;

474 916 554 955 vid.
575 915 679 966 Ζευξ.
701 927 734 955 c.
753 929 797 961 2,
812 908 1250 966 προσάγεσῧοιιοιῦτοὺς.
1267 912 1312 952 Et
1333 912 1478 953 Phalar.
1499 913 1541 961 1,
1561 927 1593 954 c.
1609 929 1645 968 3,
1662 913 1698 954 ἐς
1709 918 1754 955 τὸ

474 969 672 1011 πείθεσθαι
695 967 961 1020 προσάξεσθαι
971 964 1149 1007 ἣσύτους.
1171 965 1314 1006 Forsan
1338 967 1514 1008 maluerit
1539 969 1756 1022 προάξεται

473 1023 616 1064 alicubi
638 1023 840 1070 invenire,
861 1021 924 1061 vel
943 1021 1072 1074 potius
1093 1020 1257 1060 affivam
1277 1020 1445 1061 formam
1463 1022 1660 1074 προσ-ἄξει.
1681 1023 1757 1064 Sed

475 1078 641 1117 mediam
656 1077 697 1116 δι
713 1076 764 1118 fic
777 1075 880 1116 redte
891 1073 1084 1123 construi,
1099 1075 1164 1114 vel
1181 1087 1231 1114 ex
1244 1073 1357 1115 Isocr.
1371 1075 1463 1115 loco
1475 1106 1488 1122 ,
1502 1089 1620 1130 quem
1635 1077 1756 1116 Lexi-

476 1144 522 1172 ca
535 1130 762 1185 proferunt,
781 1140 896 1183 patet.
918 1128 1028 1168 Adde
1043 1139 1171 1168 tamen
1185 1130 1381 1170 Wollium
1400 1130 1446 1170 de
1459 1131 1579 1171 Verb.
1595 1131 1692 1170 med.
1715 1145 1756 1185 p.

479 1185 580 1235 184,
605 1185 621 1234 §
640 1199 698 1237 17.
718 1184 797 1224 Ubi
818 1183 975 1238 quidem
1001 1181 1215 1223 differentia
1231 1182 1445 1223 ostenditur
1465 1185 1562 1225 inter
1579 1185 1759 1238 ἄγεσθαι

475 1238 654 1293 ’γυναῖκα
667 1268 680 1285 ,
694 1238 735 1278 &
751 1235 1042 1292 ἅγεινγυναΐιια
1054 1267 1067 1283 ,
1082 1237 1190 1291 quod
1203 1237 1306 1290 prius
1317 1236 1522 1291 significet,
1536 1241 1650 1278 ducere
1666 1254 1758 1279 uxo-

478 1310 542 1334 rem
558 1294 594 1332 in
607 1294 855 1333 matrimonium
870 1307 886 1339 ‚·
901 1291 1063 1331 alterum
1079 1304 1198 1337 verO,
1212 1295 1329 1331 ducere
1344 1293 1511 1333 mulierem
1525 1308 1757 1347 quamcunque

477 1348 515 1387 in
527 1349 672 1401 aliquem
689 1349 819 1387 locum.-
833 1356 963 1385 tamen
978 1357 1188 1398 utrumque
1202 1347 1316 1386 habet
1331 1346 1595 1387 accusativum
1609 1348 1758 1400 patien-

478 1413 557 1442 tem
570 1432 583 1449 ,
597 1402 638 1441 δι
651 1402 689 1441 in
705 1400 813 1441 sensu
827 1400 1096 1454 metaphorico
1107 1400 1234 1441 affive
1245 1399 1461 1454 usurpatur.
1474 1401 1535 1442 Sic
1548 1401 1634 1441 eod.
1646 1401 1761 1456 figni-

481 1456 597 1495 ficatu
611 1486 624 1501 ,
640 1468 722 1509 quo
738 1454 893 1501 Noster,
905 1455 1021 1494 etiam
1041 1454 1250 1494 Herodian.
1263 1455 1281 1494 I
1294 1485 1306 1501 ,
1321 1469 1357 1508 3,
1376 1468 1391 1494 1
1402 1469 1422 1494 2
1434 1455 1578 1504 ,Ἀλλὰ
1591 1454 1678 1496 τοὺς
1684 1455 1762 1506 μὲν

477 1510 623 1551 πειθοῖ.
636 1539 645 1549 .
658 1541 666 1549 .
680 1510 972 1563 προσηγάγετο.
990 1508 1083 1548 Ibid.
1099 1523 1113 1548 1
1123 1523 1145 1548 2
1162 1539 1174 1558 ‚
1192 1522 1216 1561 9
1228 1540 1239 1557 ,
1254 1506 1388 1560 ἤλπιζε
1402 1510 1668 1562 προσάξεσθαι
1691 1511 1757 1550 τόν

479 1579 526 1603 τε
539 1563 656 1614 δῆμον
672 1587 717 1594 -
739 1562 937 1603 {mertem
950 1563 1161 1615 λαμπραῖς.
1176 1561 1238 1602 Ne
1253 1563 1364 1616 plura
1377 1563 1425 1603 ad
1439 1577 1521 1605 rem
1535 1565 1645 1604 nimis
1664 1563 1759 1604 faci-

478 1618 560 1658 lem
569 1617 901 1658 demonstrandam
916 1630 1135 1671 congeram.
1148 1616 1297 1656 Rmz.

536 1675 611 1711 ead.
625 1673 648 1710 l.
666 1687 703 1721 4.
715 1668 849 1724 '‘Axpac
865 1670 912 1710 ἂν
932 1672 950 1711 ἦ
970 1671 1089 1721 μηδὲν
1105 1672 1124 1712 ἢ
1139 1669 1178 1710 ἓν
1196 1671 1342 1712 εἰδότες
1359 1671 1444 1725 ‘it-spi
1462 1670 1644 1713 ἁπάντων
1658 1671 1760 1711 ἀπο-

483 1726 712 1779 φαίνωνται)
728 1726 838 1765 Miris
862 1725 1244 1779 interpretationibus
1263 1726 1340 1766 hoc
1353 1726 1532 1766 colorant
1546 1727 1616 1766 viri
1634 1727 1759 1767 doffl!

483 1779 742 1833 Obsopoeus‚
761 1784 863 1820 donec
876 1783 916 1819 de
929 1781 1081 1819 omnibus
1096 1780 1225 1819 nullius
1238 1781 1349 1832 ignari
1366 1780 1545 1831 αὲᾔηὶεηάὶ
1551 1780 1758 1832 facultatem

476 1835 546 1886 fibi
553 1836 761 1888 paraverint.
774 1834 1019 1881 Benediems,
1032 1836 1135 1874 donec
1146 1846 1207 1873 aut
1217 1835 1306 1873 nihil
1316 1848 1379 1874 aut
1390 1835 1587 1886 unumfcire
1598 1836 1639 1875 de
1650 1835 1760 1875 omni·

485 1891 551 1927 bus
565 1891 747 1942 ostendant.
766 1888 942 1941 Quando
958 1889 1186 1928 alterutrum
1204 1888 1345 1928 horum
1362 1889 1460 1929 erit?
1478 1889 1524 1928 Et
1538 1889 1631 1942 quid
1650 1888 1681 1928 st
1693 1888 1760 1930 vel

481 1944 705 1996 paraverint
717 1957 807 1983 cum
822 1943 910 1991 illo,
930 1943 995 1982 vel
1013 1955 1102 1982 cum
1117 1943 1239 1982 altero
1261 1943 1494 1983 ostenderint
1515 1943 1630 1990 illud,
1648 1943 1759 1996 quod

488 1999 685 2050 praedicat
695 2028 708 2044 ‚
731 2011 779 2037 an
799 2008 892 2037 tunc
917 1997 1128 2037 adducetur
1151 1997 1341 2037 Lucianus
1358 2028 1371 2043 ‚
1396 2008 1438 2037 ut
1464 1998 1616 2039 credat?
1639 1997 1762 2038 Illene

486 2061 603 2098 tunc,
619 2065 708 2092 cum
731 2052 823 2090 nihil
836 2050 928 2091 scire
951 2050 1177 2091 ostendant?
1199 2051 1419 2092 Ridiculum
1440 2052 1608 2105 prorsus.
1622 2051 1762 2105 Itaque

484 2107 651 2145 tentavit
663 2106 756 2145 iuste
771 2106 865 2146 haec
882 2106 1038 2145 mollire
1052 2117 1172 2159 pater,
1196 2105 1464 2159 adl‘cripsxtque
1485 2105 1522 2146 se
1544 2107 1670 2159 legere
1684 2120 1760 2146 vo-

486 2159 607 2201 culaii
628 2160 782 2205 omiffa,
805 2162 920 2213 ἀχρις
944 2160 988 2199 ἂν
1005 2159 1126 2210 μηδὲν
1151 2159 1169 2199 ἢ
1192 2158 1228 2199 ἓν
1249 2160 1391 2200 elsam
1409 2176 1454 2200 vr.
1469 2159 1508 2200 ἑι.
1529 2160 1644 2207 ἀντι-ιφ.
1664 2173 1760 2200 cum

486 2213 667 2254 verfione
681 2215 826 2259 Latina,
843 2216 1004 2266 quamdiu
1018 2231 1085 2254 non
1098 2215 1163 2266 nzjfi
1171 2215 1277 2254 unius
1287 2215 1387 2266 gnari
1396 2217 1436 2253 de
1445 2215 1599 2254 omnibus
1607 2229 1760 2268 pronun-

487 2268 630 2308 tiabunt.
643 2269 790 2310 GRON.
809 2269 909 2308 Nihil
926 2269 988 2309 hic
1002 2268 1263 2308 intellexerant
1278 2269 1513 2321 interpretes.
1527 2268 1599 2308 Sed
1611 2267 1690 2308 sola
1707 2269 1759 2307 in·

485 2326 761 2374 terpretatione
781 2324 908 2363 nostra
926 2322 1013 2362 satis
1034 2322 1251 2362 consultum
1275 2332 1372 2374 puto
1391 2321 1597 2362 sententiae
1615 2322 1759 2362 horum

486 2378 713 2417 verborum.
727 2379 832 2416 Nota
849 2378 902 2417 est
916 2379 1016 2416 enim
1030 2377 1091 2416 illa
1107 2377 1214 2416 verbi
1230 2376 1496 2426 ἀποφαίνωμαι
1511 2375 1761 2429 significatio3

487 2441 556 2470 nec
567 2445 800 2486 quemquam
812 2432 926 2473 credo
938 2444 1240 2485 repugnaturum
1253 2448 1261 2471 :
1280 2433 1454 2484 Quamdiu
1464 2444 1528 2470 aut
1535 2431 1633 2481 nihil,
1643 2443 1760 2472 autu·
