1768 3185
283 240 602 289 SCYTHA
646 239 788 287 SEU
831 237 1155 285 HOSPES
1262 252 1344 302 155

3 343 24 374 '³
89 348 128 395 εἶ
147 342 377 414 βασιλικω
395 339 536 411 ἄνὸρι
525 363 702 409 εμαυτον
723 341 896 392 εἴκασα.
919 340 1143 411 βαρβαρος
1161 361 1233 407 μεν
1255 362 1347 405 ’γαο

87 422 298 491 κακεῖνος,
316 441 393 470 και
413 414 515 469 ουὸεν
530 442 569 468 τι
590 422 757 478 Φαίης
742 441 792 468 αν
810 440 901 474 τους
922 416 1115 505 Συρους
1088 440 1210 507 ημας
1227 425 1348 476 Φαυ-

87 493 274 567 λοτέρους
293 493 392 546 εἶναι
411 517 489 544 των
513 492 704 545 Σκυθων.
728 490 865 560 αταρ,
891 486 980 544 aude
1000 515 1121 544 κατα
1141 516 1185 542 το
1206 493 1348 551 βασι-

87 568 208 624 λυων
226 569 408 623 εἰσποιω
426 567 557 639 τάμα
579 571 618 626 ἐς
638 592 704 629 την
736 569 976 637 ὁμοιοτητα,
1007 572 1107 620 κατ’
1133 571 1267 619 ἐκεῖνα
1290 563 1344 618 δέ

85 644 154 698 ὅτε
174 668 264 714 γαρ
283 669 460 738 πρωτον
460 642 747 713 ἐπεὸηαησα
730 669 844 715 upum
860 668 907 708 τη
929 645 1076 699 πολει,
1100 645 1349 708 ἐξεπλαγην

87 744 168 794 μεν
189 721 300 780 εὐθυς
316 717 460 776 ἱὸων
421 744 466 773 το
487 718 685 791 μέγεθος,
708 744 785 772 και
804 745 849 772 το
869 722 1062 778 καλλος,
1080 743 1156 771 και
1173 719 1252 772 τῶν
1273 722 1349 788 ἐα-

88 796 415 868 πολιτευομενων
434 821 480 848 το
501 795 680 857 πλῆθος,
703 821 780 848 και
801 820 869 857 την
892 797 1035 857 αλλην
1057 794 1245 866 δύναμιν,
1268 819 1348 848 και

88 875 382 947 λαμπρότητα
397 886 566 926 πασαν
587 895 695 926 ωστε
713 871 898 924 ἐπιπολυ
916 871 1116 933 {redr'mw
1134 896 1233 943 προς
1246 894 1348 923 ταυ-

89 973 172 1005 τα,
190 973 267 1003 και
290 955 364 1002 οὐκ,
384 950 564 1022 ἒξηρκουν
585 973 644 1000 τω
621 947 873 1018 θαυματι
886 987 897 1004 ,
916 948 989 1000 οἷόν
1007 972 1046 999 τι
1065 972 1142 1000 και
1164 952 1181 998 ὁ
1203 971 1349 1008 νησιω-

87 1049 160 1088 της
180 1029 322 1085 ἐκεῖνος
350 1032 558 1083 νεανίσκος
585 1025 794 1077 ἐπ-επόνθει
815 1049 913 1097 προς
933 1049 1002 1085 την
1022 1048 1092 1076 του
1120 1024 1349 1076 ὒῙενελαου

87 1108 232 1156 οἶκιᾝαν
262 1126 338 1155 και
368 1100 548 1172 ἔμελλον
577 1124 680 1153 ουτω
708 1094 1105 1161 ὃιατεθησεσθαι
1064 1125 1131 1161 την
1154 1122 1344 1168 γνωμην,

89 1172 181 1231 ἶὸων
207 1179 332 1231 πόλιν
353 1178 684 1249 ἀκμάζουσαν
662 1181 787 1247 ακμῇν
815 1201 997 1244 τοσαυτη
1010 1215 1022 1233 ,
1044 1200 1120 1229 και
1142 1198 1264 1228 κατα
1283 1201 1348 1228 τον

88 1278 254 1315 omnm-nv
286 1257 448 1309 ἐκεῖνον,
478 1255 679 1306 ανθευσαν
706 1257 889 1319 αγαθοῖς
914 1276 1071 1308 πασιν,
1095 1252 1150 1311 οἷς
1171 1253 1347 1305 &amec

87 1331 230 1389 πόλις.
255 1329 388 1384 Οὕτω
411 1324 505 1390 (5¹2stl
482 1353 614 1393 εχων,
643 1328 904 1399 ὲσκοπουμην
925 1329 995 1391 ηὸη
1016 1352 1107 1402 περι
1129 1353 1208 1381 των
1230 1351 1345 1399 πρα-

87 1403 228 1459 κτέων.
249 1430 324 1459 και
344 1431 389 1459 το
408 1429 483 1476 μεν
503 1407 630 1470 δεῖξαι
651 1431 730 1458 των
749 1407 893 1471 λόγων
915 1408 1030 1477 ὑμῖν,
1047 1407 1198 1457 παλαι
1221 1402 1347 1457 ἐδέδο-

87 1506 178 1536 κτο.
201 1489 285 1535 τίσι
305 1505 397 1551 γαρ
414 1478 464 1534 αν
482 1482 638 1540 αλλοις
659 1480 814 1545 ἔδειξα,
835 1506 975 1546 σιω-πῃ
953 1480 1262 1554 παροδεύσας
1280 1505 1349 1541 τη-

130 1590 151 1624 9
166 1578 343 1624 Νησιῶτκς)
355 1580 417 1613 Τὶν
430 1579 618 1622 Τηλέμαχόν
632 1589 717 1622 φησι,
731 1589 770 1612 ut
790 1580 824 1612 in
839 1578 984 1623 Odyssea
995 1579 1162 1612 Homerus
1183 1578 1242 1611 ait.
1262 1577 1305 1612 G.

86 1671 237 1723 generis
261 1671 352 1711 viro
376 1684 437 1711 me
460 1670 670 1712 affimilavi.
701 1672 894 1712 Barbarus
914 1673 1019 1712 enim
1043 1673 1084 1713 &
1110 1673 1197 1722 ille;
1222 1687 1351 1727 neque

86 1732 212 1784 Syros
237 1745 308 1772 nos
332 1731 485 1784 Scythis
502 1732 581 1773 ulla
602 1733 641 1772 in
662 1745 704 1772 re
727 1732 935 1773 deteriores
959 1745 1072 1773 temere
1095 1734 1243 1774 dixeris.
1266 1735 1349 1788 Ego

87 1806 213 1843 vero,
233 1806 313 1834 non
336 1805 524 1847 quantum
547 1794 594 1833 ad
616 1795 762 1847 regiam
782 1794 1016 1835 nobilitatem
1035 1827 1045 1844 ,
1070 1795 1350 1836 similitudinem

86 1856 190 1896 illam
211 1854 377 1903 affecto,
403 1854 463 1895 sed
487 1868 674 1909 quantum
702 1856 749 1896 ad
770 1855 833 1896 illa
859 1857 987 1909 priora.
1014 1857 1116 1897 Cum
1148 1858 1249 1898 enim
1272 1859 1352 1911 pri-

88 1931 199 1958 mum
224 1919 449 1972 peregrinus
475 1918 641 1958 vestram
667 1919 705 1958 in
734 1919 871 1959 urbem
896 1920 1016 1968 veni,
1042 1919 1166 1959 statim
1196 1920 1350 1973 quidem

88 1980 284 2036 perculsus
305 1980 386 2022 sum
411 1980 614 2035 conspecta
632 1983 912 2035 magnitudine,
932 1984 974 2023 &
990 1982 1270 2036 pulchritudine
1282 2016 1293 2033 ‚
1308 1984 1350 2024 &

86 2045 233 2086 civium
264 2058 455 2092 numero,
489 2046 530 2086 &
561 2045 705 2098 reliqua
730 2046 838 2086 omni
866 2045 1043 2086 facultate
1066 2060 1110 2087 ac
1139 2046 1349 2101 splendore.

87 2105 222 2161 Itaque
247 2108 312 2148 diu
343 2108 389 2147 ad
411 2106 477 2147 ista
504 2106 722 2160 stupebam,
749 2121 820 2148 nec
855 2122 922 2162 par
946 2122 1049 2148 eram
1077 2110 1350 2159 admirationi;

87 2171 203 2224 quale
223 2170 313 2224 quid
336 2170 391 2209 illi
414 2170 461 2210 de
481 2169 600 2210 insula
624 2169 850 2211 adolescenti
873 2171 1005 2212 accidit
1025 2172 1070 2211 ad
1091 2172 1256 2212 Menelai
1281 2173 1350 2212 do-

88 2245 210 2272 mum.
242 2231 291 2271 Et
321 2231 502 2272 debebam
530 2233 583 2271 ita
613 2233 742 2272 animo
767 2233 891 2280 affici,
915 2235 985 2286 qui
1011 2234 1180 2273 viderem
1213 2234 1347 2274 urbem

88 2293 127 2332 in
152 2306 203 2333 eo
228 2293 395 2334 culmine
422 2293 690 2341 constitutam,
711 2294 771 2342 δι,
798 2293 1004 2334 secundum
1030 2296 1186 2347 poetam
1201 2326 1212 2343 ‚
1238 2296 1350 2336 bonis

88 2354 274 2395 omnibus
301 2354 528 2401 florentem,
557 2355 663 2408 queis
682 2356 814 2408 vigere
837 2356 953 2395 urbes
971 2355 1103 2396 solent.
1136 2355 1191 2394 Ita
1213 2368 1350 2409 nempe

88 2417 258 2464 habens,
280 2417 370 2471 quid
396 2417 583 2470 agendum
608 2416 721 2465 effet,
744 2417 818 2456 iam
842 2416 1137 2457 confiderabam.
1166 2417 1212 2456 Et
1231 2416 1351 2457 facul-

90 2479 177 2518 tatis
203 2479 356 2531 quidem
388 2480 531 2519 dicendi
559 2478 749 2534 specimen
778 2479 894 2519 vobis
922 2479 1130 2533 praebere,
1153 2480 1348 2520 decretum

90 2540 182 2586 olim
208 2540 341 2587 fuerat.
376 2541 535 2597 Quibus
568 2544 668 2584 enim
692 2543 913 2597 praeberem
937 2543 1038 2593 aliis,
1064 2544 1090 2584 st
1119 2543 1267 2585 silentio
1292 2555 1349 2583 ta-

1377 1351 1434 1383 10
