1768 3185
236 149 336 195 IN
403 148 1165 195 HERMOTIMUM.
1244 171 1335 218 429

75 236 205 290 Quod
218 238 291 277 iam
302 239 339 277 in
350 237 430 277 edd.
452 237 606 285 inveni,
623 250 693 277 nec
712 237 920 291 quidquam
933 235 1156 277 variationis
1171 238 1217 277 ab
1231 240 1338 280 Sola·

78 304 134 332 no
147 304 322 332 noratum
334 291 398 331 est.
413 290 556 330 Rnrz.
760 324 773 332 ,
1216 309 1230 325 t

133 349 207 384 ead.
228 346 253 384 l.
277 344 314 385 8.
333 345 530 398 ’Avi-yvone
551 343 710 395 βιβλία)
733 343 952 383 Stoicorum
977 343 1108 383 libros.
1130 343 1248 384 Guv
1261 356 1282 383 E
1295 359 1334 386 τ.

78 397 287 452 Chrysippi
300 398 394 438 liber
407 408 488 437 erat
504 396 585 448 περὶ
600 396 836 448 ἀξιωμάτων.
853 395 973 449 Diog.
996 396 1118 437 Laert.
1142 411 1218 437 210
1237 398 1280 438 C.
1297 400 1338 439 &

79 452 165 502 περὶ
179 449 448 502 καταλήψεως,
469 451 566 490 idem
587 464 659 502 213
686 451 736 489 A.
755 451 926 490 Alterius
944 451 1060 490 Stoici
1078 451 1245 503 reliquos
1266 453 1340 493 effe

78 504 318 545 statuendum
339 504 403 544 est.
419 504 537 557 Apud
547 504 754 542 Arrianum
768 505 902 551 etiam,
923 499 1029 544 οὗτός
1050 518 1160 555 φησιν
1182 504 1252 545 ἤδη
1273 507 1338 545 καὶ

79 557 134 598 δι’
147 554 270 598 αὑτοῦ
281 557 442 598 Siluras
454 556 671 609 Χρύσιππον
683 557 961 610 ἀναγινώσκειν.
975 558 1016 605 1,
1029 570 1063 597 c.
1080 574 1116 606 4.
1134 558 1291 599 δοῖ-ΑΝ.

134 613 208 650 ead.
226 613 250 650 l.
268 625 327 651 10.
349 612 434 663 Περὶ
447 610 695 662 καθηκόντων)
716 611 800 660 Περὶ
824 608 1054 658 καθήκοντος,
1075 611 1254 664 singulari
1269 626 1342 652 nu.

80 677 213 712 mero,
229 665 349 705 libros
368 663 587 717 inscripsere
600 665 710 703 Zeno
721 694 732 712 ,
750 663 954 704 Cleanthes
964 695 976 710 ,
989 664 1233 718 Chrysippus
1245 697 1256 714 ,
1270 667 1339 706 Pa-

79 719 242 759 naetius.
262 718 408 773 Officia,
429 730 592 758 numero
608 717 878 766 multitudinis,
902 719 1035 758 maluit
1057 719 1211 759 Cicero.
1235 723 1345 771 Quod

79 774 120 811 de
137 772 349 826 inscriptione
359 773 501 823 generis,
516 787 584 810 non
597 772 733 818 dubito,
746 772 826 823 quin
842 771 997 811 καθῆκον
1014 772 1181 812 officium
1190 775 1260 824 fit.-
1278 776 1344 828 nisi

42 864 44 866 ,
79 827 210 880 quidm
223 827 331 865 aliud.
351 827 422 865 Sed
438 825 608 877 instriptio
621 825 752 878 plenior
763 825 808 864 de
820 823 966 865 Officiis
977 856 991 872 ,
1005 826 1124 879 inquit
1139 827 1200 866 ille
1213 827 1276 868 lib.
1293 842 1336 881 13

83 878 190 932 epist.
212 879 258 918 ad
278 879 477 925 Atticum,
498 877 601 932 epist.
622 892 657 917 2.
677 881 733 916 Τὰ
751 878 957 918 καθήκοντα
972 888 1131 932 quoque
1149 880 1273 932 legere
1287 883 1342 921 est

80 933 184 986 apud
196 932 347 973 Suidam
362 933 401 972 in
413 931 617 973 καθήκοντα
626 962 638 981 ,
655 931 695 970 δι
712 933 812 984 apud
822 932 1014 972 Laertium
1033 935 1070 972 in
1091 933 1248 974 Zenone
1261 934 1344 975 Cit-

80 987 174 1027 tico.
187 986 367 1026 MENAG.

138 1040 228 1092 Pag.
245 1054 260 1079 1
272 1041 366 1081 12.l.
379 1039 640 1088 4’Ava'2mm)
654 1037 793 1079 Tironi
806 1039 894 1078 dico
906 1068 919 1085 ,
938 1051 1035 1079 cave
1056 1040 1115 1079 hic
1135 1041 1342 1094 quidquam

81 1102 231 1134 mutes:
248 1092 299 1134 fic
316 1094 418 1133 enim
434 1093 572 1133 docent
585 1093 835 1133 Grammatici
848 1092 995 1146 saepius
1004 1092 1128 1133 efferri
1141 1125 1152 1142 ‚
1164 1094 1205 1134 &
1220 1097 1346 1135 omni-

81 1160 137 1187 no
156 1146 209 1187 fic
227 1145 506 1187 Demosthenes
527 1147 686 1201 aliique3
704 1147 811 1200 quod
832 1147 920 1187 ideo
943 1160 1107 1197 moneo,
1129 1149 1219 1201 quia
1234 1150 1279 1188 B.
1307 1164 1342 1189 2.

81 1202 262 1240 mutavit.
276 1201 433 1240 SOLAn.

135 1258 210 1294 ead.
221 1255 245 1294 I.
260 1268 296 1309 9.
314 1253 502 1307 Αἴσωπος)
519 1252 633 1292 Periit
653 1251 760 1301 haec,
773 1266 863 1293 cum
876 1253 1006 1293 multis
1021 1254 1101 1293 aliis
1112 1285 1123 1302 ,
1137 1254 1279 1307 Aesopi
1296 1254 1343 1295 fa·

84 1307 194 1348 bula:
213 1321 338 1361 neque
351 1308 507 1348 enimin
523 1306 682 1360 Aesopo
704 1306 891 1347 hodierno
902 1338 914 1355 ‚
928 1320 993 1347 aut
1008 1308 1044 1347 in
1065 1308 1221 1360 reliquis
1235 1308 1345 1349 fabu-

82 1361 206 1402 larum
220 1362 387 1414 antiquis
398 1361 646 1415 scriptoribus
660 1361 866 1400 invenitur.
883 1361 1038 1400 SOLAN.

137 1419 211 1456 ead.
225 1417 251 1455 l.
268 1429 327 1455 10.
342 1415 425 1454 Ἐπὶ
437 1416 501 1455 τὴν
514 1413 750 1467 κυματώδη)
765 1414 867 1454 Cum
883 1415 1150 1455 Hermotimus
1169 1415 1342 1470 deplora·

86 1480 145 1509 ret
166 1469 352 1509 iaauram
373 1469 556 1521 temporis
572 1497 584 1514 ‚
606 1480 721 1521 quam
746 1468 978 1520 impenderat
1003 1468 1231 1522 philosopho
1247 1501 1260 1516 ,
1286 1484 1344 1511 re·

83 1522 243 1575 spondet
267 1523 477 1569 Lucianus,
498 1522 591 1561 nihil
614 1522 776 1561 lacrimis
801 1520 960 1574 profici,
980 1523 1201 1575 prudentius
1228 1523 1346 1564 faftu-

83 1590 171 1616 rum
183 1607 195 1625 ,
210 1576 238 1615 sl
260 1575 417 1630 Aesopo
436 1577 475 1615 in
491 1574 630 1615 fabulis
645 1576 818 1615 monenti
837 1575 1082 1628 obsequatur:
1098 1575 1162 1623 ἔφη
1183 1579 1260 1630 γὰρ
1280 1579 1346 1618 ἀν-

85 1630 218 1681 θρωττόν
229 1644 314 1670 τινα,
328 1628 455 1682 ἐπὶτξῖ
468 1627 555 1668 ἠϊόνι
575 1628 821 1680 καθεζόμενον,
837 1629 900 1668 ἐπὶ
916 1630 982 1668 τὴν
997 1631 1202 1683 nquam&
1215 1661 1227 1676 ‚
1246 1632 1347 1683 ἀριθ-

83 1683 168 1734 μεῖν
179 1686 232 1722 τὰ
251 1684 422 1734 κύματα.
448 1684 519 1722 Ubi
531 1683 633 1732 dicit,
652 1683 775 1735 inquit
794 1683 996 1736 interpres,
1014 1686 1176 1736 quendam
1197 1685 1231 1723 in
1250 1686 1346 1725 litore

86 1738 191 1786 maris
203 1737 378 1788 consedzffi
388 1767 400 1784 ‚
423 1748 463 1776 ut
473 1750 656 1776 numeraret
668 1738 789 1776 undas.
801 1736 944 1784 Vides,
965 1737 1028 1776 ἐπὶ
1042 1737 1108 1776 τὴν
1128 1739 1346 1786 κυματώδη

82 1790 194 1843 plane
210 1792 340 1830 omitti
354 1790 404 1829 ab
424 1791 638 1842 interprete.
658 1790 730 1830 Sed
749 1789 880 1829 locum
905 1790 1007 1829 hunc
1027 1790 1247 1831 mendosum
1272 1792 1346 1832 effe

85 1857 167 1884 non
183 1843 487 1884 animadvertisse
502 1844 725 1896 interpretes
744 1845 812 1882 vix
831 1844 934 1882 credi
953 1842 1071 1894 posset
1083 1874 1094 1889 ‚
1112 1843 1178 1882 nisi
1194 1857 1253 1884 res
1268 1846 1347 1898 ipsa.

84 1896 327 1952 loqueretur.
346 1897 420 1951 Ipsi
439 1897 792 1937 Grammaticorum
809 1908 979 1936 canones
995 1898 1180 1937 docebant
1192 1929 1203 1946 ,
1219 1899 1347 1939 dicen-

85 1952 177 1991 dum
191 1951 296 1991 fuiffe
312 1951 375 1990 ἐπὶ
393 1950 441 1999 τῇ
461 1947 548 1990 meva
563 1951 792 2000 καθεζόμενον
804 1949 851 1999 τῇ
866 1950 1092 1999 ›avua-town.
1106 1950 1176 1990 Ms.
1197 1965 1268 2003 pro
1281 1953 1347 1992 ἐπὶ

86 2005 154 2046 τὴν
176 2004 386 2055 zonaras„
412 2004 536 2044 scribit
558 2005 620 2043 ἐπὶ
644 2006 710 2043 τὴν
731 2002 971 2056 κυματωγῇν·
988 2006 1094 2056 quod
1115 2017 1354 2057 argumento

88 2057 163 2106 est,
177 2058 243 2098 ἐπὶ
262 2057 311 2107 τῇ
333 2055 420 2098 ἠϊόνι
441 2057 516 2097 effe
531 2056 707 2110 glossam,
725 2056 766 2096 &
787 2058 1138 2109 interpretationem
1162 2060 1322 2112 magistri
1336 2090 1348 2108 ‚

87 2112 243 2165 quaein
264 2123 496 2152 contextum
516 2110 670 2164 irrepsit.
695 2110 854 2150 Indubie
877 2110 1019 2163 scripsit
1042 2112 1250 2153 Lucianus:
1274 2112 1346 2163 ἔφη

88 2168 168 2219 Ἰὰς
181 2164 357 2218 ἄνθρωπόν
370 2179 454 2205 τινα
468 2165 530 2205 ἐπὶ
543 2165 609 2203 τὴν
624 2164 858 2215 κυματωγὴν
873 2163 1103 2215 καθεζόμενον
1118 2165 1275 2217 ἀριθμεῖν
1291 2170 1346 2205 τὰ

89 2219 266 2270 κύματα,
275 2219 364 2258 dixit
376 2219 462 2257 enim
470 2248 484 2264 ,
497 2221 659 2272 quendam
671 2218 706 2255 in
720 2219 882 2270 crepidine
893 2218 1001 2256 litoris
1013 2218 1191 2271 consediffi‘
1203 2248 1212 2265 ,
1227 2233 1266 2258 ut
1278 2236 1344 2259 nu-

86 2275 372 2325 meraretfluflus.
385 2271 609 2323 Κυματωγῆ
621 2270 673 2311 est
687 2268 770 2310 ἧϊὼν
783 2271 1028 2321 ›emma-sm,
1042 2272 1144 2320 litus,
1158 2273 1263 2325 quod
1276 2274 1347 2313 flu·

88 2325 212 2365 stibus
231 2325 413 2380 pulsatur.
429 2324 855 2376 Ηεΐγεὴ.1(υμαιτωγὴ,
870 2325 1025 2376 juxta,
1040 2324 1221 2378 αἰγιαλοῦ
1242 2324 1348 2377 ὑπερ-

89 2380 245 2433 αγωγίν.
256 2378 358 2420 Usus
368 2379 481 2427 etiam
497 2379 567 2419 hac
580 2391 680 2418 voce
695 2378 886 2417 Lucianus
899 2378 953 2417 est
975 2381 1012 2417 in
1032 2379 1217 2433 Cataplo:
1238 2380 1348 2419 Ἀπό-

89 2431 185 2487 ξηροι
207 2432 251 2473 se‘
269 2433 339 2475 εἰσι
362 2433 500 2486 πέτραι
522 2433 585 2471 καὶ
604 2431 717 2484 ὀξεῖαι
737 2430 1107 2485 ταραθηγόμενὲιιτῷ
1130 2432 1324 2486 κλύσματι
1337 2463 1350 2482 ,
