1768 3185
156 248 227 295 IN
243 247 593 319 QUOMODO
613 247 775 295 HIST.
792 247 892 296 SIT
911 249 1173 302 CONSCR.
1248 272 1331 323 531

78 335 86 339 '
115 337 189 374 ead.
205 335 228 374 l.
245 335 307 375 16.
320 334 428 387 Λέξις
439 357 485 365 -
500 335 698 388 πολιτικὴ)
715 336 836 376 Reae
849 336 1035 390 Micyllus
1050 342 1167 379 vertit
1179 342 1276 383 diaio
1292 347 1339 385 ci-

58 388 154 436 vilis,
167 387 232 428 seu
246 389 404 443 politica
415 419 428 436 ‚
440 389 544 442 quali
560 401 723 429 utuntur
739 392 776 430 in
792 393 978 437 comitiis,
994 393 1033 431 in
1056 397 1312 438 concionibus
1323 431 1336 449 ‚

48 442 97 482 vin
113 441 244 482 senatu
256 473 266 490 ‚
287 443 329 482 in
346 444 496 483 iudiciis
511 444 608 490 viri,
623 445 688 497 qui
702 445 741 483 in
757 445 949 497 republica
965 446 1175 488 versantur.
1191 449 1336 492 Seneca

59 495 257 537 Controv.
271 495 294 536 8
307 528 321 543 ‚
334 496 397 537 lib.
418 511 449 545 ι,
462 498 554 537 dixit
565 513 629 537 rem
640 499 747 551 paulo
762 499 929 539 elatiorem
941 529 951 546 ‚
966 516 1069 553 quam
1077 503 1189 555 prqffa
1204 506 1239 542 ὅ»
1252 507 1336 544 civi-

59 551 104 589 Es
116 552 226 590 oratio
239 551 366 605 recipit.
381 552 648 604 Hermogenes
671 553 802 592 tribuit
814 552 1069 594 Demostheni
1085 556 1254 608 inprimis
1267 573 1336 612 po-

57 603 200 644 liticam
213 605 434 653 diffionem,
450 605 513 644 lib.
534 619 548 644 1
558 635 567 645 .
581 605 667 663 Πξρὶ
681 605 788 646 ι’ὃεῶν
802 607 865 646 lib.
880 622 915 653 1,
929 620 961 648 c.
982 607 1066 655 1‚‘0
1079 612 1198 650 τοίνυν
1210 611 1336 663 Anao-¹

57 658 206 706 σθένης,
217 658 236 697 3
247 689 259 705 ,
272 673 311 698 τι
322 673 394 708 περ
405 658 603 707 κεφάλαιον
617 660 669 705 ἦν,
681 662 745 700 τὴν
757 663 954 700 πολιτικὴν
968 659 1184 714 ἦκριβωκὼς,
1197 670 1239 704 τὸ
1250 669 1335 718 μὲν,

57 708 109 752 ὃς
117 711 189 752 ἒιὲι
199 714 351 753 πάντων
363 711 443 755 ἥκει
454 711 669 766 πανταχοῦ
679 714 770 754 ταῖς
776 714 920 766 μίξεσι.
933 717 1187 769 Demosthenes,
1196 720 1236 758 id
1242 725 1335 773 quod

51 767 273 820 praecipuum
280 767 375 820 fiu't,
389 782 465 806 cum
477 780 635 806 accurate
644 782 753 820 genus
766 770 931 808 orationis
939 770 1101 823 politicae
1115 774 1308 826 excolut'ffi‘t
1316 807 1333 823 ‚

56 821 171 860 omnia
190 836 320 875 quoque
340 836 462 875 genera
483 821 690 874 exsequitur,
716 823 835 876 ubique
855 838 895 861 ea
915 825 1064 876 miscens.
1088 825 1150 865 De
1171 829 1332 879 politico

55 873 133 915 hoc
149 875 295 915 dicendi
311 888 451 928 genere
465 877 595 915 multis
609 888 787 916 accurate
807 877 882 929 agit
897 878 1163 932 Hermogenes
1177 883 1213 919 in
1231 883 1333 924 libro

55 927 224 968 secundo
247 942 282 969 c.
301 942 347 968 to
364 929 403 968 δι
425 928 529 982 seqq.
550 930 595 968 Ei
611 931 825 983 opponitur
840 931 1039 978 σοφιστικὴ
1055 934 1119 972 καὶ
1141 947 1334 990 noyoypss-

53 983 149 1035 φικὴ
167 983 284 1035 λέξις,
302 982 564 1030 Scholastica,
587 984 627 1023 8(
649 984 918 1024 declamatoria
939 985 1076 1026 dictio:
1095 988 1143 1026 ab
1163 1002 1208 1028 ea
1229 1004 1332 1042 quo-

55 1049 134 1090 que
147 1038 416 1090 Hermogenes
435 1036 597 1076 distinxit
613 1038 669 1090 Ze>
679 1038 797 1091 οραῖον
813 1038 879 1077 καὶ
899 1047 1162 1093 πανηγυρικὸν,
1180 1042 1330 1086 forense

0 1103 4 1105 ’
55 1093 97 1131 ὄι
113 1093 392 1144 panegyricum
403 1122 414 1139 ‚
432 1091 539 1144 quod
554 1104 682 1132 tamen
700 1093 902 1146 quomodo
917 1094 1103 1146 πολιτικῷ
1115 1095 1329 1149 misceatur,

53 1145 214 1199 pulchre
231 1147 356 1186 docet.
373 1146 547 1186 GRAEV.

110 1199 201 1252 Pag.
217 1201 305 1240 206.
319 1201 341 1238 l.
352 1213 382 1252 5.
396 1199 632 1254 Φανώτωτα)
643 1201 713 1239 W.
725 1211 763 1239 at
778 1201 915 1254 reliqui
931 1201 1154 1250 φανότωτάι.
1169 1204 1327 1248 SoLAN.

108 1256 182 1292 ead.
197 1255 220 1292 l.
237 1267 293 1293 ιο.
307 1254 409 1293 Ἐπεὶ
423 1253 524 1306 τοῖς)
541 1253 669 1294 Docet
682 1252 816 1306 figuris
831 1267 913 1294 non
929 1256 1096 1296 molestis
1109 1261 1326 1301 orationem

54 1308 291 1357 ornandam,
306 1308 389 1348 ἐπεὶ
403 1307 480 1347 τοῖς
501 1322 791 1360 κατηρτυμενοις
811 1309 882 1348 τῶν
899 1310 1029 1361 ζωμῶν
1049 1313 1213 1352 ἐοικότας
1229 1316 1327 1355 ἀπο·

55 1362 175 1410 φαίνει
190 1361 274 1402 τοὺς
283 1362 433 1416 λόγους.
450 1362 638 1413 Micyllus
654 1364 769 1401 vertit
782 1375 791 1402 :
807 1366 965 1416 quoniam
975 1366 1121 1415 perinde,
1134 1380 1172 1405 ιιι
1186 1368 1240 1406 ius
1253 1370 1327 1408 ali-

53 1418 159 1469 quod,
178 1417 360 1456 orationem
378 1431 506 1470 quoque
522 1420 599 1455 reae
611 1417 779 1456 conditam
792 1419 910 1456 habere
926 1420 1029 1457 dehet.
1053 1419 1185 1472 Quam
1208 1423 1325 1476 longe

0 1510 2 1514 ,
54 1482 77 1509 a
92 1469 252 1511 Graecis
271 1471 361 1511 abit.
374 1470 616 1510 Benedictus:
622 1472 786 1524 siquidem
803 1473 894 1510 illud
902 1473 1086 1511 orationem
1105 1477 1324 1517 condimentis

44 1525 188 1576 similem
200 1526 314 1565 reddit.
328 1525 597 1578 Nequaquam.
613 1524 754 1564 Oratio
773 1525 861 1564 cibo
874 1526 986 1566 debet
998 1526 1123 1567 similis
1135 1528 1209 1568 effe
1218 1561 1229 1577 ,
1245 1543 1324 1571 non

0 1613 2 1619 .
53 1579 316 1618 condimento.
334 1578 638 1619 Condimentum
659 1589 787 1618 autem
809 1580 937 1619 cibum
960 1582 1079 1620 reddit
1099 1584 1324 1634 gratiorem.

0 1634 3 1667 ἱ
52 1631 122 1672 Illa
137 1633 382 1673 condimenta
403 1632 489 1673 sunt
512 1632 661 1686 figurae
678 1663 691 1681 ‚
713 1646 812 1686 quae
835 1634 973 1673 debent
991 1634 1065 1674 effe
1085 1635 1328 1688 &Juo-(aeoe'roe5

0 1703 2 1728 ι
54 1698 136 1726 non
150 1685 378 1738 ἑὲέσμοιτα,
397 1698 441 1727 ut
459 1687 631 1739 superius
650 1688 796 1727 docuit.
810 1688 1049 1727 Vertendum
1074 1689 1206 1741 igitur:
1210 1694 1322 1745 fiqui-

0 1763 4 1774 ·
54 1743 128 1780 dem
132 1741 236 1792 suam
246 1742 428 1781 orationem
439 1744 549 1780 reddet
551 1742 692 1793 slmilem
704 1743 771 1780 iuri
780 1743 856 1780 bene
868 1744 1017 1788 condito,
1028 1753 1095 1782 aut
1101 1744 1321 1795 ficos‘libros.

0 1818 12 1829 ·-
53 1794 231 1836 GRAEV.
253 1795 300 1835 Et
321 1796 381 1835 vis
396 1795 690 1849 praepositionis
710 1798 837 1842 κατὰ,
859 1795 900 1835 &
920 1797 1021 1836 ratio
1040 1796 1110 1836 τῆς
1130 1800 1228 1847 ἐπεὶ,
1244 1814 1322 1853 qua

0 1873 4 1882 ·
51 1849 118 1889 vel
135 1850 175 1889 in
188 1850 264 1890 hoc
276 1849 406 1890 libello
424 1849 628 1902 aliquoties
643 1850 763 1889 utitur
781 1850 991 1895 Lucianus,
1013 1849 1123 1890 facile
1136 1852 1322 1905 interpre-

50 1903 236 1943 tationem
249 1903 417 1943 nostram
429 1904 658 1949 tuebuntur,
669 1903 755 1943 licet
767 1904 803 1942 in
816 1904 887 1942 alia
898 1905 1028 1942 omnia
1041 1905 1190 1954 abeant,
1202 1920 1324 1958 quan-

51 1968 138 1996 tum
163 1958 274 1998 nobis
293 1957 460 2006 constat,
483 1957 712 2010 interpretes
735 1958 776 1997 δι
802 1957 1096 2009 Lexicographi.
1118 1959 1247 2000 Nostri
1268 1961 1322 2012 τᾷ

0 2035 6 2047 .
51 2012 278 2063 καταρτὺειν
291 2011 409 2051 simile
421 2012 583 2050 verbum
597 2011 737 2050 habent
747 2041 759 2057 ,
773 2011 968 2062 verfizltzcrz.
983 2011 1112 2052 GESN.

0 2098 6 2110 ,
106 2066 186 2104 ibid.
209 2066 520 2119 Κατηρτυμένοις)
538 2064 648 2104 Arist.
668 2065 782 2104 Rhet.
802 2064 870 2113 111,
885 2066 970 2104 ΑΜ.
984 2066 1041 2104 ed.
1064 2080 1098 2119 p.
1117 2081 1188 2120 552
1202 2098 1212 2113 ‚
1231 2081 1263 2116 ι,
1279 2065 1320 2108 οὗ

6 2138 8 2142 ·
52 2120 131 2173 γὰρ
139 2118 339 2170 iisdem!
349 2117 513 2173 χρῆται,
523 2120 609 2156 ἀλλ’
618 2114 666 2157 ὧς
676 2118 918 2169 ὲὲέσμασιτο
937 2134 953 2158 ς
961 2119 1149 2160 ἐπιθέτοις.
1159 2121 1319 2163 SOLAN.

0 2199 7 2210 .
108 2173 200 2226 Pag.
217 2187 306 2223 207.
322 2174 346 2212 l.
371 2188 403 2212 1.
419 2173 607 2224 'Ano‘t712)
629 2173 859 2212 Naviculam
880 2174 1028 2212 acatium
1049 2173 1138 2212 Plin.
1160 2175 1238 2226 IX,
1252 2190 1320 2229 30.

0 2252 7 2264 .
50 2226 125 2267 Sed
137 2229 268 2282 potius
281 2228 343 2267 hic
354 2231 399 2265 τὶ
413 2229 450 2266 ἑν
462 2228 607 2277 ἀκατίῳ
617 2226 732 2266 ι’σ-τιον
747 2227 793 2266 de
805 2227 895 2267 velo
909 2227 1196 2280 intelligendum
1214 2230 1318 2270 recte

49 2281 146 2322 vidit
158 2281 302 2321 Baifius
316 2295 350 2334 p.
368 2295 381 2319 ι
392 2295 413 2320 2
424 2295 453 2320 ι.
473 2283 578 2334 Vorst.
591 2280 749 2320 SOLAN.

106 2338 180 2375 ead.
193 2337 218 2375 l.
231 2336 266 2375 6.
281 2333 452 2375 Kivsuvof
466 2357 510 2365 —
531 2334 621 2374 τότε
633 2334 846 2389 atym-tor)
862 2334 940 2374 Ubi
956 2333 1118 2374 ostendit
1130 2366 1141 2382 ,
1161 2337 1318 2388 quando

51 2388 93 2429 &
107 2390 311 2443 quomodo
324 2388 526 2428 historicus
539 2388 650 2442 poffit
664 2390 823 2443 poeticis
839 2389 1104 2428 locutionibus
1118 2388 1158 2428 δε
1172 2391 1318 2432 dicendi

52 2444 259 2496 generibus
271 2445 340 2492 uti,
354 2454 396 2483 ut
407 2457 523 2496 quam
536 2442 772 2482 considerate
786 2444 856 2482 illis
871 2442 1052 2482 utendum
1066 2441 1124 2490 fit,
1139 2456 1230 2482 cum
1246 2446 1319 2485 uti-

0 2518 6 2546 '-
53 2507 138 2536 tur:
154 2497 321 2538 Κίνὸυνοε
338 2500 417 2552 γὰρ
431 2496 534 2548 αὐτῇ
556 2499 648 2536 τότε
659 2500 843 2550 μέγιστον
854 2495 1130 2547 παρακινῆσαι,
1144 2498 1208 2536 καὶ
1223 2512 1320 2538 καιτ-

52 2549 242 2604 ενεχθῆναι
254 2552 292 2593 ἐς
306 2554 370 2594 τὸν
381 2550 448 2594 τῆς
461 2549 655 2593 ποιητικῆς
668 2550 888 2603 κορύβαντα.
908 2551 1159 2643 Ιηιὶτῗτεῐεςε
1173 2552 1318 2593 Pericu-

1051 2617 1073 2642 2
