1768 3185
211 87 284 132 m
316 87 532 134 VERAE
568 86 919 134 HISTORIAE
954 89 1067 134 LIB.
1104 56 1164 136 Π.
1271 55 1355 156 583

135 176 210 214 ead.
231 175 256 214 l.
277 189 292 214 1
304 175 529 229 ς.Ὀνείρων)
547 175 762 216 Difficultas
784 175 848 216 hic
864 175 1004 216 Larino
1020 176 1217 230 interpreti
1231 179 1362 219 obori-

80 238 146 266 tur
175 241 256 268 non
279 227 389 268 facile
411 229 653 282 superabilis,
676 231 782 283 quod
806 229 1005 283 personam
1028 231 1173 284 affingit
1195 232 1360 273 Somniis

81 274 296 330 Ludimus,
316 283 356 322 δι
371 283 478 323 cives
499 285 613 324 huius
635 283 863 337 reipublicae
885 283 992 325 facit:
1011 286 1116 337 quod
1133 285 1286 326 Graeco
1305 286 1359 325 fa-

81 334 176 382 cile,
192 336 354 388 quinon
369 349 508 377 neutro
523 336 645 377 solum
669 350 807 390 genere
825 337 982 377 ἐνύπνιον
1000 339 1126 378 dicere
1147 339 1257 390 poffit
1269 371 1278 385 ‚
1299 340 1361 380 sed

82 387 294 430 masculino
307 391 424 430 etiam
438 390 590 443 ’όνειρον;
606 403 789 444 negatum
803 392 954 432 Latinis.
967 391 1039 432 Sed
1052 393 1250 432 laboratur
1264 393 1358 439 fere,

81 443 237 495 quoties
251 442 354 484 lusus
367 443 553 484 eiusmodi
565 445 612 484 ad
630 446 792 485 verbum
812 445 1016 486 transferre
1030 448 1202 487 coneris:
1218 447 1359 500 quibus

84 496 139 536 ob
150 495 267 550 ipsam
285 510 370 538 eam
383 497 535 538 causam
549 500 587 538 in
608 498 752 546 scriptis
774 499 875 539 seriis
891 500 931 540 δι
943 511 1105 541 aetatem
1125 501 1257 541 laturis
1272 502 1358 551 vix,

84 561 134 591 ac
145 563 194 590 ne
208 552 277 590 vix
291 551 444 604 quidem
457 553 568 592 locus
581 552 643 593 est.
658 552 786 593 GESN.

141 604 235 657 Pag.
251 619 340 657 294.
351 605 377 644 l.
389 619 426 659 9.
441 606 584 658 Δεξιῶς
598 605 766 660 ἐξένιζον)
780 607 953 648 Accurate
965 622 1152 659 receperunt
1163 608 1265 649 re&e
1277 613 1363 649 vel·-

85 667 144 698 tas
159 671 239 698 non
255 657 465 699 absimilem
480 661 606 713 Longi
621 660 771 714 phrasin
783 691 795 707 ,
814 663 852 700 in
865 661 1007 702 Pastor.
1022 662 1096 711 lv,
1115 676 1197 716 pag.
1216 677 1287 711 107
1303 663 1364 703 ed.

85 711 200 753 Moll.
215 710 348 753 Τοῦτον
371 713 579 766 ἐδεξιοῦντο
597 713 728 754 πᾶσαν
744 714 929 766 δεξίωσιν
954 715 1034 756 five
1047 747 1056 763 ,
1081 733 1155 756 cum
1177 718 1363 771 industria;

87 778 178 858 nam
194 766 342 860 οἰκέτὲι.
357 767 472 819 ἓὲξιοὶ
485 768 742 822 firviindustrii
765 768 852 808 sum
867 771 966 822 apud
985 770 1148 810 eundem
1171 783 1255 824 pag.
1278 772 1364 812 126.

136 849 147 858 .
168 832 181 857 ι
214 835 251 868 4.
325 831 431 860 ΕΙΤΖ.

87 819 108 872 (
142 834 218 914 ΜΞ.
233 819 333 923 l.)14.
351 874 610 922 Koeeez'ssovrec,
623 872 896 930 εὐωχούμενοι)
912 878 938 915 Ι.
953 877 1009 916 Fl.
1027 878 1068 917 &
1089 879 1142 917 H.
1156 877 1249 916 nihil
1265 878 1325 918 hic
1338 890 1362 917 a

88 926 248 980 vulgata
258 928 363 968 abire
375 939 580 970 notaverat
589 928 764 970 Solanus.
778 930 844 970 An
857 931 982 971 voluit
996 932 1114 984 igitur
1123 932 1365 971 coniunfflo-

86 993 178 1020 nem
191 985 399 1035 quaerere?
414 985 494 1025 Vix
514 984 651 1024 credo:
669 997 758 1024 nam
772 985 978 1024 ἀσύνδετον
994 985 1083 1023 illud
1101 986 1161 1024 hic
1178 986 1309 1025 melius
1322 985 1364 1025 &

90 1035 300 1085 efficacius,
320 1050 438 1090 quam
459 1037 486 1076 s1
505 1037 730 1078 coniunfflo
753 1037 891 1078 adeffet
902 1055 915 1087 ;
930 1039 1050 1078 immo
1066 1039 1204 1079 vellem
1222 1041 1271 1078 ita
1286 1039 1365 1079 sae-

91 1090 179 1142 pius
195 1090 423 1131 enuntiasset
434 1091 588 1140 Noster,
600 1103 645 1131 ut
661 1092 780 1145 Long.
797 1091 890 1132 Past.
909 1093 989 1141 111,
1008 1106 1080 1132 120
1099 1094 1154 1132 ed.
1170 1094 1364 1146 Iungerm.

92 1142 412 1194 μιμεῖταιπέιντσι
428 1169 473 1175 -
486 1146 608 1191 θεοὺς,
622 1146 842 1196 ἀνθρώπους,
855 1147 1003 1199 ’ὄργανα
1013 1177 1024 1194 ,
1037 1147 1159 1198 θηρία..
1174 1147 1218 1185 Et
1234 1148 1274 1186 L.
1290 1147 1361 1196 lv,

97 1211 113 1237 1
125 1211 186 1248 15,
206 1197 251 1250 (1
261 1213 322 1250 23.
336 1199 446 1239 Moll.
458 1200 475 1254 )
487 1200 636 1251 θόρυβος
647 1200 765 1240 πολὺς
778 1200 928 1246 κτηνῶν,
943 1199 1105 1248 οἰκετῶν,
1121 1200 1276 1252 ἀνὲρῶν,
1291 1215 1365 1254 γυ-

92 1249 237 1291 ναικῶν.
253 1252 451 1304 Quamvis
464 1254 563 1294 idem
577 1254 664 1293 alibi
677 1255 793 1294 etiam
808 1254 1041 1293 nimisvamet
1057 1255 1146 1293 illud
1161 1256 1365 1308 repetitum

94 1306 175 1345 καλ.
188 1305 332 1346 ΒΕΙΤΖ.

149 1360 240 1413 Pag.
256 1373 345 1413 295.
360 1362 382 1400 l.
402 1375 432 1400 1-.
448 1361 618 1415 Ὠγυγίᾳ
630 1357 845 1414 νήσῳ),νίἀ.
858 1360 955 1402 Plut.
971 1374 1082 1415 1733.
1099 1361 1257 1404 SOLAN.

147 1416 219 1453 ead.
232 1416 256 1453 l.
269 1417 305 1454 6.
322 1415 538 1468 Aevn003'25)
553 1417 710 1454 Λίαιιιια.
729 1416 897 1455 VORST.

148 1469 223 1508 ead.
238 1469 262 1507 l.
275 1483 313 1516 7.
329 1469 586 1522 Διασωθέντα.)
601 1470 732 1509 Utitur
746 1470 801 1508 his
815 1469 974 1509 Luciani
988 1469 1115 1509 verbis
1128 1468 1204 1508 Iac,
1220 1468 1361 1510 Elsner.

96 1520 267 1575 ad'Epist.
283 1522 381 1563 Petr.
393 1523 462 1571 111,
479 1537 543 1572 20,
561 1537 642 1576 quo
656 1524 805 1576 probet,
821 1521 1042 1564 διασωθῆναι
1057 1522 1231 1576 usurpari
1245 1523 1289 1562 de
1300 1536 1365 1569 eo,

96 1575 167 1628 qui
188 1574 322 1616 salvus.
335 1577 373 1616 in
391 1578 555 1630 aliquem
570 1578 705 1617 locum
722 1578 920 1629 pervenit,
940 1578 963 1616 i.
988 1589 1020 1616 e.
1043 1589 1092 1616 ex
1114 1577 1288 1628 periculo
1300 1577 1365 1616 vel

99 1628 306 1683 naufragio
324 1629 495 1671 servatus
515 1630 587 1678 est3
603 1643 644 1670 ut
668 1631 801 1671 Αξὶοτ.
816 1625 954 1677 XVII,
969 1645 1041 1678 44,
1056 1629 1277 1670 &amaeam
1302 1631 1366 1670 ἐστὶ

99 1684 166 1723 τὴν
179 1682 270 1737 γῆν,
289 1685 439 1739 triaque
460 1685 530 1724 alia
543 1684 756 1724 testimonia
769 1685 939 1732 adducit,
959 1697 1059 1735 quae
1074 1697 1154 1722 non
1170 1696 1339 1735 repetam
1353 1714 1366 1732 ,

99 1749 174 1777 nec
194 1738 369 1790 augebo,
393 1740 484 1792 quia
504 1739 603 1778 hanc
618 1738 933 1791 significationem
954 1738 1098 1790 ubique
1117 1737 1276 1777 obviam
1297 1750 1368 1778 no-

101 1792 156 1832 vi.
171 1791 318 1832 Rnn.

156 1848 232 1885 ead.
243 1846 267 1886 l.
284 1858 343 1885 10.
356 1845 587 1900 Τηλεγόνου)
597 1845 714 1887 Conf.
729 1844 814 1885 infr.
826 1845 872 1885 de
887 1844 976 1884 Salt.
988 1857 1021 1884 c.
1036 1844 1100 1893 46.
1111 1844 1271 1884 SOLAN.

156 1902 230 1939 ead.
244 1901 268 1938 l.
287 1913 344 1950 17.
354 1896 510 1951 ’Όμηρος
525 1896 627 1953 εἶπε)
642 1899 780 1952 Odyff.
799 1904 822 1938 E
834 1931 846 1948 ‚
863 1913 921 1951 57.
937 1899 1096 1939 SOLAN.

161 1954 252 2007 Pag.
271 1955 359 2007 296.
379 1955 402 1993 l.
419 1969 450 1994 ι.
466 1954 723 2008 'Berenice-ro)
743 1954 787 1993 In
808 1953 987 1993 omnibus
1006 1953 1109 1992 libris
1127 1951 1262 1992 nostris
1285 1962 1367 1992 erat

105 2003 345 2060 ὑπεὸἐξατο,
366 2008 472 2061 quod
483 2021 571 2049 cum
587 2008 675 2048 ferri
695 2020 775 2047 non
797 2006 928 2060 potiit,
943 2007 992 2047 sic
1007 2006 1252 2046 mutavimus.
1267 2007 1367 2045 Vide

103 2064 157 2102 Ἔν
169 2063 276 2110 ΔΝ,
291 2061 332 2101 &
344 2067 455 2113 Γυμν.
468 2076 500 2102 c.
517 2076 577 2101 21.
591 2061 767 2115 Suspicor
781 2074 924 2109 tamen,
937 2060 1044 2100 fuiffe
1059 2073 1080 2098 a
1095 2061 1268 2099 Luciano
1282 2059 1368 2099 scri*

107 2129 219 2171 ptum
231 2112 466 2169 ὑπελέξατο,
482 2128 523 2155 ut
530 2116 653 2169 ficrtim
666 2116 715 2155 ab
729 2128 774 2155 ea
784 2116 896 2154 leelam
910 2115 1107 2167 epistolam
1119 2125 1283 2153 notaret.
1294 2113 1368 2153 Sed

138 2170 198 2210 uia
210 2183 291 2210 vox
303 2183 348 2210 ea
360 2184 381 2210 a
403 2170 511 2210 nullo
521 2200 532 2217 ‚
552 2170 660 2223 quod
672 2170 826 2222 quidem
848 2168 976 2216 sciam,
988 2167 1285 2220 Lexicographo
1299 2167 1371 2206 ob-

122 2234 255 2263 ervata
273 2223 347 2273 est,
368 2236 439 2264 nec
462 2225 529 2263 ubi
551 2225 653 2277 apud
672 2224 767 2264 alios
789 2222 966 2263 aufitores
991 2234 1186 2280 occurrat,
1204 2219 1281 2270 ipse
1302 2233 1371 2260 an-

109 2279 350 2325 notaverim,
371 2290 456 2318 eam
470 2278 508 2317 in
523 2289 669 2318 textum
688 2278 858 2329 recipere
878 2290 956 2316 non
973 2276 1052 2316 sum
1070 2279 1194 2315 auius.
1214 2275 1374 2315 SOLAN.

107 2331 367 2385 “rorese‘gzvo)
379 2331 489 2384 Quid
499 2331 565 2371 sibi
580 2332 671 2371 velit
680 2329 896 2382 ὑπεέέξατο
911 2344 933 2370 a
945 2331 988 2370 vi
999 2330 1109 2370 verbi
1121 2329 1236 2374 ἔλαβε
1252 2329 1374 2368 diver-

110 2384 196 2428 sum
207 2416 219 2436 ,
233 2398 316 2429 non
328 2384 642 2428 comminiscebar
656 2386 758 2426 aliud
769 2415 781 2435 ‚
795 2398 911 2439 quam
925 2384 1045 2478 quog
1046 2385 1082 2422 in
1095 2383 1376 2437 interpretatio-

1061 2451 1087 2477 0
1116 2451 1141 2486 4
