1841 3180
514 120 610 170 ‘574
716 100 1596 156 ANNOTATIONES

510 206 581 246 per
596 193 784 234 adhibent.
800 194 897 234 Ecce
910 193 1195 252 ThucydidYI
1206 224 1220 240 ‚
1236 207 1268 234 c.
1280 196 1305 235 6
1315 208 1352 235 t:
1376 195 1419 236 Οἱ
1430 195 1468 236 δ’
1484 196 1661 238 Ἀθηναῖοι
1675 197 1787 252 {primo

512 247 596 298 δίκῃ
611 249 777 289 &Aevom
792 253 1039 300 κατέγνωσαν
1058 245 1175 287 αὐτου
1190 262 1232 286 τε
1253 250 1318 287 καὶ
1335 249 1406 289 τῶν
1428 251 1515 300 μετ’
1534 251 1676 292 ἐκείνου.
1694 255 1788 293 Ari-

513 302 684 354 stophan.
698 302 764 355 Eq.
788 317 826 340 v.
848 315 960 353 1357,
979 301 1014 340 Ei
1028 303 1078 349 μὴ
1102 304 1404 355 marmorio-scae
1417 304 1560 344 ταύτην
1580 305 1646 345 τὴν
1667 306 1788 350 sinnv.

511 355 638 409 Quod
661 368 789 395 tamen
806 356 846 394 &
863 355 1142 394 condemnandi
1164 357 1326 395 notione
1349 357 1572 410 capiendum
1594 358 1645 398 ibi
1665 360 1787 401 Scho-

512 410 635 449 liastes
651 420 782 449 monet
796 439 808 454 ‚
823 409 860 448 id
882 421 1102 460 exponens:
1120 407 1155 447 Εἰ
1179 409 1232 458 μὴ
1248 411 1510 462 κατακρινεῒτε
1533 413 1598 451 καὶ
1615 415 1788 454 καταδι-

511 466 665 503 κέισετε.
681 463 791 502 Plura
804 463 930 513 Steph.
945 475 992 502 ex
1009 462 1209 502 Demosth.
1223 463 1376 517 aliiI‘t1ue
1391 464 1431 504 in
1443 465 1556 505 Thes.
1570 469 1787 520 append.T.

511 518 550 565 Ι,
567 532 602 569 p.
619 517 730 570 1854.
747 516 818 557 Sed
834 516 861 555 si
879 517 982 570 apud
1004 517 1158 556 Lucian.
1178 530 1250 569 pro
1269 517 1423 571 simplici
1435 520 1596 571 cognosco
1609 521 1785 574 accipere

510 573 607 610 velis
618 600 629 618 ,
646 571 752 610 licet:
769 584 855 610 nam
871 572 909 610 δι
929 570 979 609 fic
994 569 1071 610 fere
1087 571 1284 622 Aristoph.
1299 572 1365 625 Eq.
1381 586 1420 612 v.
1431 575 1503 622 46,
1516 568 1636 614 Οὗτος
1652 588 1787 616 κειται-

509 624 622 679 γνοὺς
641 622 705 663 τοῦ
716 625 884 678 ’γέροντος
900 624 986 664 τοὺς
1000 624 1170 676 τρόπους.
1185 624 1259 663 Etsi
1274 626 1391 678 paulo
1404 626 1489 679 plus
1504 627 1653 674 valeat,
1665 643 1784 682 quam

511 678 669 731 simplex
683 710 694 727 ‚
716 689 754 717 ut
768 678 917 718 Bisetus
931 678 985 717 ibi
999 689 1153 725 monet,
1169 678 1313 718 dicens:
1332 680 1573 734 Καταγνοὺς,
1584 682 1786 736 ampheo-ae.

509 732 671 786 περιττὴ
688 731 705 773 ἧ
722 735 841 779 κατὰ,
856 728 923 771 οἷον
943 732 1178 782 καταμαθὼν
1198 733 1263 772 καὶ
1277 732 1510 784 αἰσθόμενος·
1523 735 1785 787 πρδςὲμφοισιν

508 786 555 825 8¹2
569 787 725 826 πλείονα
738 783 823 826 εἷπε
836 785 902 826 τοῦ
914 785 1035 835 μαθὼν
1047 786 1123 826 &c.
1137 800 1236 839 quae
1249 787 1350 839 apud
1360 800 1449 827 eum
1463 787 1510 828 fis
1521 790 1619 829 vide.
1632 790 1784 833 Rmz.

562 841 654 892 Pag.
678 840 764 879 280.
779 842 803 879 l.
824 853 857 878 1.
875 839 1089 893 Ζηνόδοτον)
1107 840 1347 881 Aristarchus
1366 841 1589 882 notiffimus.
1605 845 1785 886 Zenodo-

508 905 571 935 tus
583 894 846 934 Bibliothecae
861 894 1141 934 Alexandrinae
1157 895 1305 948 primus
1321 895 1496 948 praefuit.
1509 896 1610 936 Suid.
1623 896 1784 940 SOLAN.

560 950 667 988 ead.l.
683 963 719 997 4.
735 948 918 1001 Μιννίὲος)
939 948 1135 988 Immerito
1158 950 1222 988 hic
1244 950 1464 989 Homerum
1488 949 1656 1004 sugillat,
1673 954 1784 1006 quod

504 1002 590 1042 iram
604 1003 757 1042 Achillis
770 1003 917 1041 initium
933 1002 1001 1042 suo
1015 1003 1184 1054 poemati
1199 1002 1347 1043 fecerit:
1365 1004 1488 1056 palam
1505 1006 1609 1044 enim
1625 1005 1679 1045 est
1695 1007 1784 1047 Ilia-

504 1058 554 1095 da
569 1056 708 1109 legenti
719 1086 731 1102 ,
747 1069 830 1096 eam
847 1069 927 1095 rem
947 1057 986 1094 in
1008 1068 1094 1096 roto
1117 1060 1296 1110 poemate
1310 1059 1391 1109 agi,
1404 1068 1446 1097 ut
1462 1058 1659 1099 reffiffime
1676 1061 1711 1100 id
1724 1073 1784 1100 ar*-

503 1123 696 1162 gumentum
711 1109 785 1149 effe
809 1111 960 1150 dixeris.
985 1111 1112 1162 Quod
1131 1123 1211 1150 non
1233 1111 1484 1164 intelligentes
1506 1125 1528 1152 e
1545 1113 1683 1154 nostris
1697 1117 1781 1168 qui-

505 1165 593 1203 dam
607 1165 769 1218 imperiti
785 1164 825 1204 &
837 1164 985 1203 barbari
999 1164 1155 1217 prorsus
1171 1165 1364 1212 homines,
1376 1165 1596 1219 Rhapsbdias
1607 1179 1699 1207 cum
1713 1183 1782 1209 au-

502 1219 614 1258 diunt
631 1220 798 1271 antiquis
821 1218 918 1258 dicia
939 1219 1101 1258 Homeri
1127 1221 1325 1271 poemata,
1351 1231 1423 1260 nec
1445 1220 1537 1273 quid
1550 1233 1597 1260 ea
1609 1235 1693 1262 vox
1709 1221 1754 1262 sit
1766 1253 1782 1271 ,

504 1272 575 1311 nisi
592 1286 640 1312 ex
654 1273 867 1312 vernaculo
883 1272 1062 1312 idiomate
1075 1272 1215 1325 assequi
1229 1274 1418 1322 valentes,
1430 1275 1536 1314 varIa
1547 1273 1615 1314 fibi
1628 1274 1782 1330 fingunt

503 1328 547 1366 δι
560 1327 737 1367 diffoluta
748 1327 939 1376 carmina,
959 1328 1067 1366 nullo
1082 1326 1241 1367 consilio
1255 1328 1447 1368 iudiciove
1459 1342 1480 1367 a
1495 1341 1613 1369 caeco
1629 1332 1782 1371 mendi-

503 1381 644 1421 cabulo
657 1393 800 1420 temere
814 1379 950 1425 effusa,
971 1381 1007 1419 in
1030 1394 1151 1420 unum
1165 1383 1317 1421 tandem
1334 1394 1475 1435 corpus
1493 1381 1778 1432 consarcinata,

502 1446 570 1474 aut
590 1436 721 1489 potius
744 1448 766 1474 a
789 1434 900 1474 fatuis
923 1435 1148 1475 hominibus
1169 1435 1210 1474 δι
1233 1434 1387 1489 prorsus
1407 1437 1565 1477 rudibus
1585 1437 1747 1479 coneeia
1760 1469 1775 1486 ,

504 1490 632 1529 Ροέιηα
646 1490 812 1528 heroicum
831 1501 933 1529 nunc
958 1490 1099 1528 audire.
1118 1489 1226 1542 Qui,
1249 1489 1276 1528 fi
1299 1503 1389 1530 cum
1414 1490 1586 1531 Luciano
1606 1492 1698 1532 haec
1719 1493 1780 1532 lu-

502 1543 634 1583 dentes
647 1542 867 1588 effutirent‚
885 1544 997 1583 venia
1011 1542 1139 1582 forsan
1160 1545 1263 1597 digni
1279 1544 1435 1597 putandi
1449 1545 1532 1584 sint.
1553 1546 1608 1585 At
1626 1545 1723 1587 serio
1743 1547 1779 1586 id

502 1607 644 1649 agunt,
661 1609 704 1637 ut
721 1609 821 1650 quae
840 1596 909 1650 ipsi
924 1610 1015 1649 prae
1030 1597 1219 1650 imperitia
1232 1627 1243 1646 ‚
1259 1598 1327 1637 nisi
1347 1599 1479 1638 Latine
1492 1598 1600 1639 versa
1612 1630 1627 1646 ,
1643 1601 1781 1641 intelli-

502 1664 594 1703 gere
609 1664 689 1690 non
708 1650 884 1703 poffunt,
909 1651 988 1690 aliis
1007 1653 1220 1692 contemtui
1236 1651 1307 1691 sint
1324 1652 1365 1692 &
1386 1653 1605 1694 deridiculo.
1621 1655 1778 1695 Horum

501 1717 578 1757 ego
598 1706 850 1745 temeritatem
884 1705 1159 1758 audaciamque
1170 1736 1183 1752 ‚
1210 1706 1251 1745 δι
1281 1706 1623 1759 pulcherrimarum
1648 1721 1778 1750 rerum

503 1759 792 1812 ignorationem
809 1757 1013 1806 summam,
1028 1772 1116 1799 cum
1129 1759 1186 1799 sui
1201 1758 1312 1800 seculi
1326 1759 1556 1815 suarumque
1569 1775 1695 1802 rerum
1711 1764 1778 1803 ad-

502 1814 705 1854 miratione
716 1812 1153 1860 coniunfiamffloilaeis
1167 1813 1482 1868 compescendam
1495 1817 1778 1870 exagitandam-

501 1879 578 1921 que
593 1867 782 1920 relinquo.
796 1866 953 1906 SOLAN.

558 1925 632 1961 ead.
647 1922 669 1961 l.
684 1924 719 1962 6.
735 1921 771 1960 Ei
784 1920 981 1974 προτέραν)
1002 1921 1088 1961 Hac
1106 1921 1151 1962 de
1173 1921 1437 1963 controverfia
1450 1922 1701 1964 acutiffimum
1715 1925 1777 1966 vi-

500 1976 548 2016 de
566 1976 728 2028 Longini
742 1975 922 2015 iudicium
935 1988 1018 2028 cap.
1029 1976 1124 2015 VIII
1137 1992 1179 2015 ετ.
1195 1972 1325 2026 ὕψους.
1342 1976 1500 2019 SOLAN.

558 2032 632 2069 ead.
648 2032 669 2069 l.
683 2027 813 2081 7.“O⁷c
823 2029 893 2080 μὲν
907 2031 987 2083 γὰρ
1007 2025 1092 2069 οὐδὲ
1112 2033 1251 2077 τυφλὸς
1265 2023 1315 2077 ἧν,
1329 2030 1347 2068 ὃ
1362 2032 1426 2070 καὶ
1445 2028 1538 2071 αὐτὶ
1554 2031 1638 2086 περὶ
1654 2030 1777 2073 αὐτοῦ

504 2084 699 2136 λέγουσιν,
720 2081 863 2123 αὐτίκα,
886 2083 1125 2134 ἠπιστάμην,
1145 2084 1238 2137 ἑώρα,
1257 2086 1351 2138 γὰρ,
1371 2081 1469 2125 ὥστε
1492 2083 1581 2126 οὗὲὲ
1602 2086 1776 2127 ’πυνθάνε-

503 2141 598 2178 σθαι
613 2138 792 2192 ἐδεόμην)
808 2138 995 2178 Vertunt:
1012 2138 1121 2191 ipsum
1143 2154 1220 2178 vero
1235 2154 1367 2178 caecum
1388 2154 1455 2178 non
1476 2139 1547 2192 effe,
1572 2141 1774 2194 quodetiam

500 2193 619 2231 dicunt
631 2222 640 2239 ,
657 2208 737 2232 mox
751 2194 912 2246 cognovi:
925 2192 996 2230 vidi
1010 2195 1094 2232 enim
1106 2208 1121 2240 ;
1135 2194 1248 2246 itaque
1259 2194 1382 2232 veritus
1387 2192 1467 2245 fiam
1475 2196 1676 2248 percontari.
1697 2194 1771 2234 Sed

501 2259 551 2285 an
572 2245 662 2297 ἑώρα
675 2276 685 2295 ,
699 2246 776 2293 est,
791 2247 890 2285 vidi?
906 2259 954 2286 an
971 2241 1035 2285 οὖν.
1054 2245 1222 2297 ἐὸεόμην,
1242 2247 1316 2295 est,
1329 2248 1454 2286 veritus
1469 2247 1549 2301 fiam
1560 2251 1582 2288 ?
1597 2248 1774 2288 Minime.

502 2300 642 2353 Quare
653 2301 691 2339 in
703 2301 804 2341 hunc
821 2301 979 2340 modum
995 2301 1200 2342 debebant:
1220 2303 1360 2341 Caecum
1373 2318 1448 2341 vero
1465 2301 1666 2355 nmfmffi,
1683 2304 1775 2357 quod

506 2355 613 2406 ipsum
627 2355 726 2394 etiam
748 2357 785 2394 de
800 2372 835 2394 eo
850 2357 963 2394 dicunt
975 2385 984 2402 ‚
998 2355 1088 2395 illico
1104 2357 1246 2410 cognovi
1254 2371 1265 2396 .·
1286 2357 1421 2396 videbat
1434 2357 1518 2397 enim
1528 2386 1542 2403 ‚
1556 2359 1700 2411 adeoque
1711 2373 1770 2398 ro·

502 2416 580 2461 gare
594 2424 679 2462 opus
692 2425 760 2450 non
773 2421 854 2451 emt.
868 2410 1076 2452 VITRING.
